3078 4654
705 315 938 380 ..104-

262 502 308 583 λΙὴ
329 501 395 562 τεδν
415 500 603 580 torpemus
623 500 755 560 ὀλωλότα
774 501 877 578 νεβρὸν
896 499 996 582 ἐάσῃς,
1015 503 1059 562 XI
1073 509 1128 562 108
1139 519 1200 575 sqq.
1219 499 1258 580 μί)
1274 521 1314 578 με
1333 509 1391 560 κιι-

254 594 438 660 τακτείνειας
453 629 483 636 -
492 591 532 672 μὴ
542 593 648 674 κατέγγς
659 629 693 640 -
704 593 745 672 μὴ
754 592 908 674 planipes
923 595 998 668 Ego,
1009 612 1073 654 eum
1086 596 1166 653 uulla
1179 611 1268 654 eausa
1281 599 1321 654 sit
1333 613 1390 654 eur

259 691 291 746 iu
304 689 424 760 vulgata
437 691 582 762 scriptura
594 689 781 761 offendamus,
799 705 862 748 eam
875 690 996 760 retinui3
1016 689 1049 746 Μ
1062 689 1137 748 liber
1155 689 1211 762 hie,
1231 695 1264 747 ut
1284 705 1385 763 saepe,

260 798 341 840 mero
353 783 515 855 scripturae
530 799 630 843 errore
645 783 768 852 laborat,
788 783 818 840 in
836 798 893 854 quo
911 781 983 839 nihil
997 783 1090 840 latere
1104 781 1237 841 arbitror.
1268 799 1313 842 00.
1327 791 1387 844 300

254 882 357 934 .-304
377 875 506 934 eodieum
525 877 648 949 primurn
666 877 826 948 scripturas
845 874 999 948 proferam.
1020 907 1049 918 -
1065 871 1135 933 300
1155 871 1331 951 ούκερέωντι
1350 874 1387 932 δε

256 964 367 1024 τόσσον
377 961 548 1043 ἐπισταμένη
561 965 827 1038 Μ;-801οἲσδα
843 964 942 1042 γαρὼς
953 967 1001 1038 M3
1011 965 1165 1032 ἀνάλκιδος
1177 961 1242 1024 ἔστι
1254 970 1281 1027 Ν
1283 1013 1290 1042 ,
1302 967 1387 1024 ἀνάλ-

260 1057 345 1123 κιδος
363 1055 427 1116 ἐστὶ
446 1077 481 1118 ex
501 1060 600 1132 PQW
618 1061 724 1120 notavi.
745 1093 783 1104 -
801 1058 867 1118 802
888 1059 915 1116 ελ
933 1063 1007 1116 τοῖαι
1024 1061 1059 1119 Μ
1079 1067 1110 1119 01
1128 1061 1231 1131 1001100,
1256 1057 1289 1118 ού
1310 1063 1385 1117 τοῖαι

255 1152 324 1210 rell.
344 1152 428 1212 eodd.
454 1159 486 1212 et
510 1153 590 1224 edd.;
617 1150 734 1230 γεγάσιν
753 1171 790 1212 m.
811 1171 855 1226 pr.
876 1155 906 1212 iu
926 1155 965 1226 Q3
990 1155 1160 1230 ενιφγείοισι
1178 1155 1226 1226 Μ;
1253 1171 1297 1212 00.
1318 1161 1384 1213 003.

262 1288 318 1342 304
342 1297 397 1342 om.
419 1283 458 1354 Q;
483 1251 512 1322 L
537 1278 600 1340 303
627 1279 836 1356 ἀκιδνοτέροισι
858 1280 895 1347 O.
922 1245 1149 1356 ἀκιδρλοτέοοισιν
1169 1282 1208 1352 Ρ;
1234 1279 1386 1357 ἀεξόμεναι

260 1375 422 1448 ANPRS,
443 1381 473 1433 et
488 1375 524 1434 W
538 1392 601 1434 cum
622 1376 804 1448 corruptelae
824 1375 916 1448 signo,
936 1371 1088 1449 αὐξόμεναι
1101 1375 1141 1446 G;
1161 1407 1199 1417 —
1218 1373 1287 1435 304
1306 1371 1385 1440 εἶδος

260 1468 344 1526 codd.
370 1475 400 1526 et
425 1468 489 1527 edd.
515 1486 628 1540 omnes,
656 1463 731 1547 ἦθος
754 1468 828 1527 0001.
849 1467 1016 1528 Schneider.
1055 1487 1158 1546 εγωσι
1177 1466 1266 1533 votor
1285 1466 1320 1525 δε
1340 1465 1385 1542 γέ-

261 1580 342 1617 νοντο
369 1581 510 1635 γυναικων
535 1563 577 1619 Μ.
617 1563 662 1620 De
688 1581 714 1620 v.
735 1571 791 1622 300
815 1563 889 1620 haee
911 1561 1045 1635 Lenuep:
1079 1562 1177 1620 »Haeo
1201 1562 1266 1620 1000
1291 1563 1384 1619 miuus

261 1653 411 1712 commodo
433 1655 575 1714 collocata
602 1656 743 1713 videntur.
783 1655 855 1714 Post
874 1671 987 1712 versum
1008 1661 1077 1727 288,
1104 1655 1153 1713 ubi
1178 1655 1222 1712 rei
1248 1661 1385 1712 narratae

259 1745 344 1804 finem
364 1747 493 1819 imponit,
513 1750 620 1819 optime
641 1765 704 1808 meo
724 1749 832 1808 iudicio
852 1750 987 1808 collocari
1007 1757 1125 1822 possent
1144 1750 1199 1808 hoe
1218 1747 1317 1807 modo:

408 1851 455 1912 Ἣν
470 1855 582 1934 Ἕλένην
602 1855 741 1930 ἐνέπουσι,
762 1857 930 1936 κασιγνήτην
946 1855 1125 1936 Ἀφροδύ-ης·
1190 1869 1194 1877 ’

408 1943 458 2014 *Hc
478 1946 577 2007 ἕνεκεν
598 1950 720 2029 τέτληκα
741 1950 789 2006 καλ
809 1947 930 2025 οἲδματα
950 1950 1043 2008 τόσσα
1061 1952 1192 2029 περῆσαι.

417 2039 475 2100 θύκ
495 2041 586 2120 ἐρέω·
606 2042 640 2101 τί
653 2043 687 2102 δὲ
708 2042 813 2101 τύσσον
833 2041 1021 2120 ἐπισταμένην
1041 2063 1076 2100 σε
1096 2043 1218 2116 διδάξω;
1267 2059 1273 2067 ·

414 2136 508 2213 Δεῦρο
528 2137 616 2214 γάμον
636 2137 817 2214 κεράσωμεν,
840 2133 900 2194 ἐπεὶ
921 2135 1065 2214 Κυθέρεια
1086 2134 1205 2195 κελεύει.

259 2249 292 2306 Ιο
311 2251 356 2309 his
388 2250 483 2308 verbis
508 2251 647 2308 transitus
670 2266 727 2308 uon
753 2250 911 2320 inelegans.
951 2248 1011 2306 Imo
1036 2247 1078 2305 sie
1102 2249 1193 2308 multo
1218 2249 1319 2306 melius
1340 2249 1381 2306 in·

259 2343 353 2413 teiligi
373 2343 490 2415 poterit,
512 2343 580 2414 quid
602 2359 686 2400 versu
708 2350 764 2401 202
784 2339 875 2399 οἶσθα·
893 2340 957 2418 plu,
977 2339 1020 2406 ὡς
1040 2338 1186 2407 Μενέλαος
1206 2341 1233 2398 ἀ.
1248 2339 1272 2399 ἐ.
1289 2363 1314 2418 γ.
1335 2359 1380 2400 ve·

258 2435 360 2492 luerit:
394 2433 545 2508 praecedit
575 2435 663 2492 enim:
703 2431 747 2512 Mp'
771 2454 811 2509 με
836 2431 1071 2512 καταισχύνειας,
1101 2429 1170 2511 ἐμὴν
1200 2433 1249 2491 καὶ
1279 2433 1379 2511 Κύπριν

260 2524 387 2606 ἐλέγξγς.
427 2528 509 2599 Quae
529 2527 556 2585 si
576 2529 800 2603 coniungantur,
822 2528 940 2600 elegans
959 2526 1075 2584 Paridis
1096 2533 1126 2586 et
1144 2528 1272 2586 Menelai
1293 2544 1379 2602 0000-

259 2622 327 2680 sitio
348 2622 417 2693 erit;
437 2637 493 2693 quo
513 2621 583 2679 nihil
597 2639 666 2681 sane
683 2621 754 2681 facit
767 2623 814 2680 hie
827 2629 926 2679 uester
946 2621 1130 2679 versiculus«
1162 2620 1255 2679 lulien
1275 2639 1303 2694 p.
1328 2628 1379 2680 138

260 2733 297 2776 ex
325 2713 430 2772 τόσσον
459 2711 643 2794 ἐπισταμένην
672 2717 744 2774 mire
775 2714 947 2773 eoneludeus
978 2714 1114 2773 Paridem
1143 2714 1199 2772 iam
1226 2713 1263 2772 de
1292 2715 1381 2787 pluri·

260 2811 314 2867 mis
333 2810 460 2868 Menelai
490 2810 566 2867 vitiis
590 2813 717 2873 loentum
739 2827 819 2882 esse,
845 2816 875 2867 01
899 2826 943 2867 00.
964 2814 1128 2868 302-304
1153 2809 1236 2865 uimis
1257 2807 1380 2878 abrupte

260 2903 391 2959 Helenae
409 2903 510 2960 laudes
533 2901 633 2959 inferri
652 2907 741 2971 ratus,
762 2904 929 2962 lacunosum
951 2918 1014 2960 esse
1034 2903 1127 2960 locum
1149 2901 1229 2958 dixit.
1259 2900 1381 2958 Videtur

261 3010 331 3065 ergo
351 3003 462 3067 00010.
484 3002 539 3053 200
564 3002 680 3068 etpost
700 3003 795 3056 v.301
816 2998 948 3055 lacunam
969 2997 1115 3054 statuisse.
1140 3027 1171 3035 -
1196 2993 1324 3052 »Vereor
1346 3007 1382 3050 00

261 3088 342 3162 prius
362 3087 434 3144 illud
454 3089 586 3163 γυναῖκες
610 3089 647 3158 [v.
663 3091 731 3161 302]
752 3105 807 3146 00.
823 3097 878 3149 302
900 3091 988 3160 [0000
1002 3105 1027 3146 0.
1042 3090 1110 3159 304]
1130 3087 1205 3144 male
1219 3085 1277 3145 huc
1291 3090 1382 3143 traus-

260 3180 351 3238 latum
371 3181 417 3238 sit
448 3181 607 3238 Praeterea
627 3184 704 3239 totus
725 3181 813 3250 10000,
835 3181 872 3238 de
889 3180 1057 3238 mulieribus
1072 3179 1175 3252 (110100,
1196 3180 1293 3238 multis
1308 3178 1381 3236 difli-

261 3273 418 3332 cultatibus
438 3274 588 3348 premitur.
628 3273 733 3331 Nullae
754 3280 860 3345 esseut,
881 3275 905 3330 si
926 3274 968 3330 ita
986 3273 1147 3344 legeretur:

415 3382 468 3442 οὐκ
488 3382 574 3462 ἐρέω,
595 3383 687 3454 (τίδὲ
708 3383 815 3442 τόσσον
834 3382 1020 3461 ἐπισταμένην
1040 3382 1076 3442 σὲ
1096 3381 1219 3452 διδάξω;

415 3476 503 3536 οἶσθα
524 3478 604 3556 γάρ’)
625 3477 668 3544 ὡς
688 3477 835 3543 Μενέλαος
855 3475 1008 3543 ἀνάλκιδός
1028 3474 1092 3534 ἐστι
1112 3473 1257 3552 γενέθλης,

414 3568 490 3629 οὔδ’
514 3571 568 3628 οἷοι
589 3573 724 3649 γεγάασιν
744 3568 775 3629 ἐν
792 3568 952 3647 Ἀργείοισιν
972 3568 1140 3635 ἄνακτες·

415 3665 464 3721 καλ
484 3665 540 3741 ymo
560 3662 784 3740 ἀκιδνοτέροισιν
803 3663 968 3739 άεξύμενσι
985 3663 1147 3740 μελέεσσιν,

415 3757 527 3835 ἀνδρῶν
547 3755 626 3824 εἶδος
646 3753 757 3837 ἔχουσι,
779 3757 860 3814 roeo
880 3755 907 3815 δ’
932 3755 1065 3833 ἐγένοντο
1085 3759 1224 3834 γυναῖκες.

262 3869 425 3928 cohaerent
444 3871 501 3928 iam
520 3869 606 3928 haee:
626 3865 681 3926 οὐκ
700 3865 786 3944 ἐρέω,
808 3865 851 3932 ὡς
871 3866 938 3924 Mer.
961 3874 991 3926 01
1010 3864 1070 3926 οὔτ’
1095 3865 1183 3944 ἐρέω,
1204 3865 1258 3924 οἷοι
1279 3863 1382 3942 γεγάα-

261 3982 306 4020 σιν
330 3957 362 4020 ἐν
386 3957 453 4039 Ἀργ,
478 3961 612 4028 ἄνακτες.
651 3963 818 4022 Lectionem
843 3960 906 4019 eud.
927 3962 968 4020 Μ.
998 3963 1030 4019 ei
1048 3966 1121 4020 τοῖαι
1146 3963 1172 4020 si
1197 3961 1261 4033 quis
1286 3965 1383 4032 urget,

260 4063 378 4130 praesto
398 4049 416 4132 ἢ
435 4059 510 4112 ποῖοι
529 4075 555 4114 v.
576 4051 593 4133 ἢ
614 4055 668 4114 οἷσι
688 4056 789 4116 eodem
803 4054 865 4114 fere
886 4071 980 4113 seusu.
1013 4058 1061 4116 Sic
1081 4064 1150 4130 apta
1170 4063 1236 4114 sunt
1257 4054 1380 4114 omnia«
