3078 4654
699 259 931 324 -120-

248 444 377 510 Primum
401 443 547 520 improbat
571 445 700 506 Baliari
728 446 883 508 lectionem
912 440 1110 514 νύξ-ὤπασεν
1135 443 1180 524 ici
1205 444 1380 526 ἀρχομένην,

252 543 335 616 »quis
361 540 437 602 enim
461 539 511 600 nbi
536 539 633 600 dicere
658 540 749 600 voluit
773 539 850 598 diem
870 539 1055 600 subsecutum
1081 555 1147 598 esse
1172 545 1303 612 noctem,
1330 547 1380 600 ant

249 635 324 694 dixit
343 648 477 705 umquam
498 638 549 692 aut
569 632 667 692 dicere
687 633 778 693 voluit
797 639 910 692 nectem
929 633 1046 694 dedisse
1065 649 1228 694 auroram«
1271 634 1379 694 Vermu

250 729 325 787 euim
350 743 419 786 vero
445 743 502 786 uon
527 727 620 787 voluit
644 726 742 787 dicere
767 726 844 786 diem
871 727 1055 787 subsecutum
1082 743 1146 786 esse
1171 733 1301 797 noctem,
1329 727 1379 787 sed

245 827 365 888 ¹noctem
387 820 514 880 edidisse
532 822 675 880 Auroram
695 821 850 892 orientem,
877 820 931 878 sub
951 837 1009 894 qua
1028 808 1208 894 potissimum
1235 821 1378 880 somniare

249 913 326 972 solet
353 912 507 970 humanum
533 928 633 984 genus.
678 911 792 972 Deinde
817 911 975 972 Hermanui
999 913 1194 974 coniecturam
1219 911 1267 990 ἠοῖ
1291 913 1379 992 ἀρχο-

246 1001 318 1086 μένη
338 1006 494 1080 vituperat,
514 1021 580 1064 nam
603 1006 687 1064 »huic
707 1022 821 1078 quoque
842 1005 940 1066 obstat
960 1006 1037 1078 quod
1056 1023 1113 1066 uon
1133 1007 1170 1065 de
1183 1023 1242 1066 una
1256 1007 1378 1090 Helena,

249 1101 302 1161 sed
317 1101 354 1159 de
367 1099 498 1160 omuibus
512 1099 674 1159 homiuibus
690 1098 841 1158 colluthus
855 1099 1010 1171 loquitum
1041 1099 1113 1158 Tum
1129 1101 1240 1173 pergit:
1258 1101 1377 1173 »Itaque

249 1194 461 1270 desperandum
482 1194 711 1254 existimaremus
734 1193 771 1251 de
790 1193 845 1252 lrou
864 1194 928 1253 loco
949 1209 1023 1266 esse,
1043 1194 1100 1252 nisi
1120 1193 1213 1253 codex
1232 1195 1378 1253 Mutinen-

249 1291 299 1363 sis,
319 1296 352 1349 ut
370 1288 533 1349 Presselius
554 1285 663 1362 [iulsoil
688 1293 786 1346 monet
804 1286 927 1346 haberet
945 1303 1002 1346 nou
1023 1285 1185 1366 ἀρχομένην
1213 1288 1281 1359 [hoe
1301 1289 1378 1347 clare

248 1384 356 1457 legitur
375 1385 404 1442 in
427 1384 473 1457 M]
494 1383 546 1443 sed
565 1378 740 1460 ἐρχομένην,
767 1397 823 1452 quo
843 1381 885 1438 ita
905 1380 1013 1438 utimur
1036 1388 1070 1438 ut
1092 1380 1252 1440 scribamus
1273 1378 1324 1449 νύξ
1343 1413 1377 1424 -

250 1469 364 1534 ὤπασεν
384 1474 427 1555 ἠῶ
447 1473 590 1556 ἐρχομένη
610 1477 629 1532 i.
651 1492 675 1534 c.
695 1492 762 1535 nox
786 1474 931 1534 veniens
952 1473 1044 1534 diem
1066 1475 1199 1547 abegit.
1241 1475 1291 1534 ubi
1311 1472 1379 1532 ἀπά-

250 1569 307 1636 ξειν
327 1570 435 1630 dictum
459 1579 492 1629 ut
515 1573 544 1628 in
565 1571 647 1630 Hom.
668 1569 701 1626 11.
725 1577 756 1639 8,
778 1575 832 1629 341
859 1566 898 1634 ὡς
916 1564 1031 1646 Ἕκτωρ
1055 1563 1152 1635 ὤπαζε
1173 1567 1380 1648 καρηκομόων-

249 1681 304 1727 τας
319 1658 447 1740 Ἀχαιοὺς
468 1695 518 1734 -,
544 1659 605 1740 ηὼς
629 1667 726 1719 autem
750 1667 864 1721 constat
890 1678 978 1735 saepe
1003 1662 1110 1735 opponi
1135 1663 1214 1721 noeti
1241 1669 1272 1722 et
1300 1663 1378 1722 diem

249 1753 437 1828 siguificare«
491 1757 572 1829 Quae
607 1758 702 1816 omnia
730 1758 811 1817 nihili
841 1764 919 1829 suut3
957 1757 1125 1830 saepissime
1158 1757 1233 1815 enim
1264 1753 1380 1822 ὀπάζειν

249 1853 388 1913 vocabulo
414 1871 481 1913 usus
512 1858 557 1914 est
582 1851 747 1924 colluthus,
776 1868 916 1924 nusquam
947 1856 1044 1909 tamen
1070 1851 1127 1909 alio
1153 1867 1238 1923 quam
1266 1849 1379 1908 dandi

247 1962 349 2018 sensu,
371 1953 402 2007 et
422 1946 582 2027 ἀρχομένην
604 1952 704 2007 contra
728 1945 897 2006 Schneideri
916 1950 947 2003 et
966 1944 1078 2016 aliquot
1098 1944 1278 2004 deteriorum
1300 1943 1381 2002 codi-

248 2057 312 2100 cum
338 2043 511 2115 scripturam
536 2038 678 2120 ἐρχομένη
704 2041 790 2100 etiam
810 2039 905 2099 Nouoi
929 2038 1379 2112 auctoritate(Diou.34,100

250 2132 417 2213 ἀρχομένης
436 2136 513 2212 φάος
532 2133 613 2214 ἠοῦς)
632 2136 703 2194 satis
724 2151 868 2208 superque
882 2131 1055 2192 defenditur.
1080 2166 1110 2174 -
1133 2132 1276 2191 Tournier
1295 2149 1322 2205 p.
1337 2132 1377 2190 37

247 2226 410 2305 παρηγορον
430 2234 461 2286 et
474 2225 618 2306 ἐρχομένη
633 2246 669 2287 ex
682 2229 851 2289 Schneideri
870 2230 1035 2288 coniectura
1054 2229 1174 2300 recepit,
1194 2231 1256 2285 tum
1270 2220 1377 2303 ἤλασεν

246 2337 300 2395 pro
321 2315 436 2378 ὤπασεν
452 2323 569 2395 scripsit
582 2323 716 2382 Nonuum
737 2329 853 2383 secutus
867 2323 951 2382 Dion.
967 2321 1077 2381 XXXV
1096 2329 1152 2380 242
1173 2319 1265 2378 νύκτα
1282 2317 1373 2398 φαέε-

247 2433 341 2492 φορος
360 2407 463 2490 ἤλασεν
482 2409 581 2493 Ἑρμῆς
599 2421 687 2488 atque
701 2414 776 2474 inira
789 2413 839 2492 τὴν
852 2413 883 2472 ‹i’
903 2413 1159 2492 ἐλεφαντινέην
1179 2413 1289 2472 κενεῶν
1304 2411 1374 2492 ἀρέ-

249 2526 345 2584 τειραν
358 2507 478 2588 ὀνείρων
492 2511 674 2570 scribendum
689 2527 753 2570 esse
773 2511 904 2570 coniecit
934 2508 981 2568 Ad
994 2510 1146 2568 veritatem
1159 2509 1280 2582 propius
1295 2523 1375 2566 acce·

247 2603 319 2661 dens
339 2603 412 2663 haee
425 2605 529 2664 Harles
549 2605 587 2664 ad
607 2604 634 2663 h.
648 2606 681 2664 l.:
705 2604 803 2662 aHaec
823 2610 919 2661 autem
934 2602 1037 2661 somnii
1051 2601 1210 2674 descriptio
1227 2602 1273 2659 vel
1288 2602 1375 2674 plane

247 2697 372 2756 inaniter
392 2701 439 2758 vel
457 2699 554 2771 iniquo
578 2699 641 2758 loco
666 2699 762 2772 posita
786 2713 851 2755 esse
872 2696 1001 2768 videtur,
1029 2702 1059 2754 et
1075 2696 1131 2754 nisi
1156 2711 1210 2769 per
1229 2696 1373 2754 inscitiam

247 2797 353 2865 poetae
373 2792 427 2852 hoa
442 2809 484 2851 ea
504 2793 567 2850 loeo
588 2792 712 2850 inaniter
731 2790 810 2850 iacta
830 2791 876 2863 sit,
897 2796 965 2849 aute
985 2789 1140 2848 adveutum
1155 2788 1278 2848 Paridos
1300 2805 1374 2849 eom·

141 2873 142 2880 ¹
247 2883 361 2943 modius
381 2901 399 2943 a
421 2884 542 2943 (iolutho
563 2884 696 2943 collocati
714 2885 745 2942 hi
764 2901 864 2943 versus
884 2882 1004 2955 inerint3
1030 2888 1062 2942 at
1080 2883 1261 2955 negligentia
1288 2883 1373 2942 libra·

247 2976 356 3034 riorum
375 2975 492 3048 fecerit,
512 2981 546 3033 ut
564 2977 621 3034 huo
640 2978 790 3049 translati,
811 2977 956 3049 iidemque
977 2977 1072 3035 mutili
1092 2977 1205 3036 omissis
1227 2979 1277 3049 qui
1297 2983 1376 3037 trau

248 3069 335 3127 situm
355 3068 504 3128 efficerent
523 3068 697 3142 faciliorem,
724 3070 822 3130 sedem
842 3077 1019 3144 occuparent
1039 3071 1193 3142 iniquam«
1235 3071 1276 3129 Et
1296 3086 1373 3143 sane,

247 3163 338 3221 sime
358 3163 450 3236 audis,
472 3163 599 3222 dubitari
619 3165 733 3224 omnino
754 3165 855 3237 nequit
875 3165 992 3224 aliunde
1009 3165 1064 3224 hoo
1085 3181 1185 3224 versus
1205 3164 1373 3238 desumptus

246 3271 321 3315 esse.
367 3257 495 3317 Offendit
516 3258 591 3316 euim
617 3259 648 3316 iu
673 3259 790 3330 vulgato
816 3274 951 3317 versuum
975 3259 1090 3328 ordine,
1116 3258 1194 3329 quod
1220 3264 1374 3330 postquam

248 3349 363 3409 dixerat
381 3351 506 3410 Helena:
529 3351 622 3424 cape
642 3368 694 3410 me
713 3352 904 3420 ctTroiam
924 3357 1039 3411 tecum
1060 3351 1184 3423 auehe,
1205 3351 1374 3410 manerbum

248 3443 365 3514 quidem
380 3445 509 3503 additum
523 3451 577 3518 est,
592 3445 660 3518 quid
675 3445 711 3503 de
725 3445 832 3504 Paride
845 3445 912 3503 iude
926 3462 944 3502 a
957 3462 1041 3504 mane
1055 3446 1169 3518 quando
1183 3462 1247 3503 cum
1260 3447 1375 3506 Helena

246 3550 419 3606 congressus
445 3543 503 3609 est,
527 3554 581 3610 per
600 3545 691 3597 totum
717 3539 792 3596 diem
817 3538 926 3597 iactum
946 3540 999 3612 sit,
1023 3555 1117 3611 neque
1142 3538 1197 3597 lroc
1222 3538 1374 3598 offensioni

249 3642 313 3685 esse
332 3643 388 3686 non
408 3636 513 3704 potest,
534 3631 611 3703 quod
624 3632 696 3690 nihil
708 3632 821 3691 Helene
834 3631 871 3690 de
885 3631 1086 3705 postponenda
1099 3647 1192 3704 usque
1206 3630 1244 3689 ad
1259 3638 1374 3692 noctem

247 3719 319 3792 iuga
338 3726 488 3780 monuerit.
518 3724 695 3797 Transposui
715 3726 804 3796 igitur
817 3741 917 3783 versus
930 3725 987 3784 huc
1006 3732 1073 3798 post
1090 3743 1117 3784 v.
1132 3732 1197 3798 364,
1219 3725 1373 3786 ubimulta

248 3815 362 3890 aptiore
381 3815 445 3873 loco
464 3817 552 3888 positi
574 3832 638 3875 esse
658 3816 800 3875 videntur·
840 3817 922 3875 Dixit
942 3824 1041 3877 autem
1061 3825 1161 3891 poeta:
1185 3819 1260 3876 aPer
1279 3823 1373 3877 totum

247 3907 323 3968 enim
344 3905 421 3964 diem
439 3914 560 3967 matrem
580 3909 745 3980 quaerendo
759 3907 837 3970 fessa
849 3911 1005 3998 Hermione
1021 3915 1272 3986 appropinquante
1287 3917 1373 3972 noete

248 4001 312 4075 (cfr.
327 4019 353 4059 v.
368 4005 423 4058 345
439 4005 469 4058 et
482 4005 549 4072 359)
568 4001 684 4060 taudem
698 4001 880 4077 obdormivit,
901 4008 932 4062 et
944 4004 1044 4066 labore
1059 4005 1238 4079 defatigatae
1253 4007 1372 4079 puellae
