3092 4662
668 348 858 458 45..

203 577 315 660 burgii,
346 575 496 658 anonymi
519 575 684 642 cuiusdam
713 575 799 643 docti
821 577 975 662 (Danielis
995 579 1134 660 Heinsii‚
1161 579 1212 646 vel
1238 581 1326 668 qued

202 687 280 754 mihi
302 686 503 772 probabilius
526 686 668 768 videtur,
697 687 846 754 Gulielmi
869 688 1010 774 Canteri)
1032 691 1195 772 Dorvillii‚
1217 691 1324 759 Ruhn-

201 797 287 863 kenii
315 802 349 862 et
373 798 473 880 ipsius
494 798 648 880 Lennepii
673 819 743 863 cum
766 797 954 874 lectionibus
977 800 1250 886 neglegentissime
1267 821 1324 870 'ex-

202 909 318 990 cerptis
340 929 397 973 sex
419 907 573 988 codicum,
590 908 792 974 Ambrosiam
815 908 896 990 dico,
919 908 1142 992 Laurentium,
1167 911 1322 992 Vossiani,

202 1018 405 1098 Reimariani,
423 1019 558 1083 duorum
580 1018 806 1084 Parisinorum.
843 1019 1044 1086 Difficiliores
1063 1017 1202 1086 Colluthi
1216 1019 1278 1089 loci
1291 1022 1325 1089 in

208 1128 564 1220 »animadversionibus
580 1128 623 1194 ad
638 1128 837 1195 Colustrum«
857 1130 988 1196 editioni
1003 1131 1179 1198 subiunctis
1193 1132 1324 1198 tractati

201 1245 291 1321 sunt,
322 1240 377 1305 ubi
404 1241 501 1306 etiam
529 1240 569 1306 de
595 1239 767 1306 multorum
788 1241 923 1318 aliorum
946 1243 1135 1326 scriptorum
1157 1241 1234 1309 locis
1256 1263 1324 1310 eor·

201 1351 305 1434 ruptis
328 1352 428 1418 fusius
451 1352 566 1434 agitur.
610 1351 702 1417 Hanc
732 1352 903 1418 editionem
925 1354 1004 1418 satis
1025 1353 1145 1420 cultam
1166 1353 1224 1420 sed
1244 1352 1321 1420 Len·

204 1461 291 1544 nepii
313 1461 546 1545 suspicionibus
569 1482 667 1546 saepe
689 1463 820 1530 minime
841 1463 1027 1528 necessariis
1051 1468 1084 1529 et
1097 1483 1323 1548 nonnunquam

199 1571 289 1638 falsis
310 1572 404 1636 nimis
432 1572 583 1638 refertam
613 1577 787 1657 antequam
814 1572 923 1639 recudi
950 1573 1027 1639 feeit
1052 1571 1090 1639 G.
1112 1572 1152 1638 H.
1173 1573 1326 1642 Schaeler

202 1681 301 1765 (lips.
322 1683 433 1765 1825),
452 1682 589 1747 Bandini
609 1683 656 1748 ita
675 1683 706 1750 in
731 1703 823 1748 suum
842 1703 933 1749 usum
954 1685 1110 1750 convertit
1130 1682 1324 1768 (Florentiae

205 1795 243 1856 17
247 1794 301 1877 65)
317 1797 431 1859 utnon
447 1793 550 1859 solnm
565 1798 688 1860 textum
704 1799 736 1859 et
750 1799 843 1860 notas
857 1815 967 1860 verum
982 1795 1078 1860 etiam
1092 1793 1323 1878 praefationem

200 1903 233 1967 in
258 1903 403 1968 Italicum
425 1924 550 1968 versam
580 1904 720 1969 auctoris
746 1905 872 1969 nomine
903 1925 944 1969 ne
976 1909 1224 1971 commemorato
1257 1905 1325 1990 qui·

201 2013 273 2078 dem
302 2015 461 2097 receperit
484 2019 517 2078 et
542 2013 622 2078 nihil
644 2014 705 2078 nisi
733 2013 883 2079 Italicam
908 2015 1039 2082 Antonii
1060 2013 1183 2082 Mariae
1205 2013 1324 2082 Salvini

202 2123 377 2191 versionem
407 2124 578 2189 addiderit.
626 2122 779 2207 Lennepii
805 2122 981 2191 versionem
1008 2123 1143 2190 latinam
1171 2129 1204 2190 et
1232 2127 1323 2191 notas

202 2253 426 2314 nonnunquam
461 2235 594 2300 feliciter
627 2235 767 2300 correxit
798 2233 964 2317 Philippus
996 2234 1082 2316 Scio,
1117 2235 1173 2320 qui
1200 2235 1324 2308 Matdti

203 2363 287 2410 anno
312 2345 396 2408 1va
423 2343 525 2410 edidit
547 2344 726 2412 Colluthum
756 2343 870 2410 addita
898 2365 1025 2429 quoque
1046 2345 1190 2412 versione
1211 2345 1325 2430 Hispa-

200 2457 272 2522 niea
300 2456 342 2522 ab
370 2456 494 2540 Ignatio
523 2457 642 2522 Garcia
667 2456 821 2524 confecta.
865 2457 954 2522 Nihil
979 2461 1091 2522 tamen*
1110 2455 1150 2522 de
1171 2455 1326 2540 Lennepii

202 2565 341 2632 editione
369 2564 544 2634 innotuisse
571 2566 697 2632 videtur
718 2565 839 2649 Angelo
865 2566 1031 2632 Theodoro
1053 2565 1157 2632 Villae
1185 2566 1239 2652 qui
1260 2565 1326 2634 Me·

202 2677 321 2744 diclani
343 2698 426 2744 anno
451 2677 533 2743 1753
556 2677 600 2742 ad
622 2676 739 2742 codicis
762 2675 965 2742 Ambrosiani
986 2675 1085 2742 fidem
1106 2675 1208 2742 edidit
1223 2676 1325 2744 (lellu-

202 2787 293 2854 thum
316 2788 437 2854 additis
458 2789 543 2853 notis
564 2787 607 2852 ad
629 2787 870 2870 grammaticam
892 2789 927 2852 et
946 2783 1177 2869 mythologiam
1198 2787 1326 2869 potissi·

200 2919 287 2970 mum
301 2897 546 2982 pertinentibus.
572 2896 691 2964 Contra
707 2899 795 2962 totus
806 2895 873 2962 fere
888 2916 927 2962 ex
939 2895 1102 2980 Lennepio
1112 2894 1233 2980 pendet
1243 2896 1325 2964 Han

203 3007 300 3074 lesius
323 3007 568 3092 (Norimbergae
585 3009 676 3086 1776,
695 3011 771 3091 post
784 3005 1009 3088 Aristophanis
1023 3005 1166 3090 Plutum)
1188 3007 1243 3092 qui
1256 3005 1324 3090 plu·

202 3118 300 3183 rimas
314 3117 468 3202 Lennepii
490 3117 699 3195 coniecturas¹
711 3117 743 3181 in
765 3120 856 3182 textu
877 3117 1017 3197 retinuit,
1040 3121 1074 3185 et
1087 3137 1152 3198 eas,
1175 3135 1255 3202 quas
1275 3137 1326 3185 re-

202 3230 310 3314 cipere
331 3250 428 3294 ausus
442 3250 506 3295 non
520 3233 578 3310 est,
593 3229 626 3294 in
640 3229 724 3294 notis
737 3228 890 3294 laudavit.
905 3266 948 3278 -
962 3228 1107 3313 Denique
1119 3267 1161 3278 -
1176 3228 1325 3313 quoniam

201 3361 283 3426 quae
305 3339 482 3405 lmmanuel
508 3339 541 3404 in
570 3337 923 3404 »Animadversionibus
956 3337 1000 3403 ad
1027 3336 1166 3404 Colluthi
1195 3357 1325 3406 emmau

199 3471 272 3516 cum
301 3451 476 3534 specimine
506 3449 659 3514 versionis
680 3447 900 3533 germanicae«
927 3448 1324 3532 (Hemburg.1809.159

199 3563 286 3646 pag.)
310 3561 354 3625 ad
369 3559 552 3627 Oolluthum
567 3541 800 3625 emendandum
816 3558 988 3624 contulerit
1001 3577 1104 3643 neque
1118 3557 1198 3624 mihi
1219 3577 1324 3643 neque

200 3670 334 3753 reliquis
349 3675 425 3735 ante
435 3690 487 3734 me
503 3667 678 3736 editoribus
687 3669 903 3746 innotuerunt,
918 3706 960 3717 -
974 3688 1089 3734 novam
1104 3667 1188 3734 viam
1202 3668 1323 3753 primus

76 3793 81 3804 '
125 3849 133 3866 ‚
198 3781 386 3864 ingressisse
413 3779 590 3847 credendus
619 3783 667 3844 est
692 3778 784 3844 Imm.
806 3777 932 3844 Bellen
960 3777 1078 3863 (Berol.
1107 3779 1216 3862 1816).
1263 3776 1324 3848 Hic

200 3891 284 3958 enim
307 3895 478 3976 praeterea
493 3889 580 3974 quod
595 3889 790 3954 deteriorum
812 3888 955 3954 codicum
968 3886 1121 3955 lectiones
1138 3909 1156 3956 e
1171 3887 1324 3972 Lennepii

200 4001 341 4067 editione
355 3999 632 4084 neglegentissime
646 4003 813 4082 excerptas
835 4002 868 4064 et
883 3997 1000 4065 codicis
1015 3997 1157 4065 Gothani
1170 3997 1323 4064 lectiones

203 4133 224 4177 a
238 4110 401 4178 Passovvio
418 4110 525 4196 primo
539 4109 698 4176 indicatas
712 4108 745 4173 in
760 4127 852 4174 suam
867 4107 1040 4205 editionem
1053 4106 1183 4193 recepit,
1199 4110 1323 4174 textum
