3078 4654
596 321 810 384 -79-

331 505 383 582 νήα
399 495 453 577 μέν
473 499 523 561 οὖν
542 501 645 581 ἐνόησε
665 503 714 562 καλ
734 503 788 562 οὐκ
807 501 932 582 ἤσκησεν
949 503 1073 585 Ἀθήνην

136 614 301 674 Schneider
321 633 350 687 p.
365 621 421 674 440
443 615 607 674 Gollnthum
627 616 672 673 vel
693 615 731 673 ad
745 616 864 675 Homeri
885 618 1047 690 exemplum
1068 620 1122 687 (IX
1136 627 1190 680 283
1213 620 1263 680 νέα

133 705 190 784 μέν
212 727 262 783 μοι
288 705 414 775 κατέαξε
442 705 610 764 Ποσειδάων
634 705 809 786 ἐνοσίχθων)
843 707 910 772 νέας
935 706 972 774 ἃς
995 706 1049 767 οὐκ
1076 708 1194 789 ἐνόησεν
1222 720 1266 784 (ut

136 800 274 860 ediderat
301 799 449 870 Scbeefer)
477 801 628 872 scripsisse
654 801 700 859 vel
725 802 824 860 Attico
849 819 931 860 usum
958 819 1022 862 esse
1049 805 1117 871 ναῦς
1141 809 1262 879 putavit.

137 901 312 966 »unumque
332 901 429 953 autem
450 895 575 966 scripsit,
594 895 623 951 in
645 912 679 954 eo
699 913 755 954 non
777 895 833 953 erit
850 895 1037 971 haerendum,
1059 898 1135 970 quod
1156 916 1262 972 epana-

136 987 228 1062 lepsis
249 986 341 1060 figura
360 1003 430 1044 usus
445 986 594 1045 Oollutbns
608 987 763 1059 repetitam
778 1003 876 1046 vocem
890 990 1039 1060 paululum
1057 993 1263 1053 immutaverit.

132 1098 205 1140 nam
219 1098 237 1139 a
251 1081 304 1138 tali
318 1082 465 1138 anxietate
483 1086 512 1138 et
526 1080 577 1138 alii
589 1096 677 1153 saepe
691 1089 797 1154 poetae
811 1082 897 1140 alieni
909 1081 1028 1142 fuerunt
1048 1083 1110 1156 (cfr.
1126 1085 1264 1146 Meineke

135 1175 178 1233 ad
200 1174 367 1233 Gellimaob.
388 1192 415 1246 p.
432 1179 499 1244 248)
520 1182 549 1232 et
569 1191 671 1247 pamm
693 1175 772 1233 illam
792 1177 888 1248 legem
902 1185 1039 1236 curarunt
1058 1180 1143 1238 huius
1164 1185 1262 1239 sectae

135 1274 258 1340 poetae:
283 1265 333 1324 cfr.
349 1268 441 1326 Nonn.
456 1267 574 1339 Dionys.
589 1269 635 1339 47,
650 1275 706 1328 486
728 1263 847 1325 ἔκτανεν
873 1268 953 1326 υἱέα
975 1269 1076 1348 μήτηρ,
1100 1268 1194 1349 μήτηρ
1215 1268 1262 1330 ἔκ-

138 1379 224 1418 τανεν
244 1357 308 1417 οἷα.
338 1361 478 1433 Paraphr.
495 1359 523 1417 Σ
534 1368 569 1420 41
993 1361 1105 1421 τελέθοι

300 1453 448 1519 Γαλιλαῖος
465 1451 589 1532 Ἰησοῦς,
612 1451 723 1532 Ἰησοῦς
745 1453 892 1521 Γαλιλαῖος
912 1453 971 1532 ἐγὼ
992 1455 1103 1516 πέλονα,

138 1567 204 1639 Ego
226 1583 290 1624 cum
311 1573 341 1624 et
361 1565 428 1630 νέας
447 1563 484 1630 ἃς
503 1571 534 1623 et
553 1565 622 1630 ναῦς
641 1562 677 1629 ἃς
697 1583 715 1623 a
734 1567 830 1624 Nonni
858 1566 976 1638 eiusque
1003 1572 1178 1626 sectatorum
1198 1573 1264 1627 arte

137 1677 259 1734 prorsus
280 1660 436 1718 abhorrere
456 1659 665 1731 reputaverim,
693 1658 859 1716 dubitanter
880 1659 949 1735 νήας
969 1655 999 1715 δ’
1020 1655 1073 1716 οὐκ
1093 1662 1204 1733 scripsi.
1229 1694 1261 1703 -

134 1751 192 1810 οὐκ
212 1751 314 1831 ενάησε
342 1750 389 1808 καὶ
410 1749 588 1828 οοκήσκησεν
607 1752 655 1825 Μ,
680 1753 769 1809 tacite
795 1768 867 1811 corr.
888 1751 1014 1810 Bekker,
1042 1785 1076 1793 —
1104 1750 1171 1812 202
1199 1750 1266 1830 οξοτι

137 1863 176 1904 ex
188 1847 221 1903 M
242 1845 360 1904 Bekker
381 1851 491 1918 etpost
512 1861 576 1903 enm
591 1830 666 1914 edd,
688 1843 749 1900 ἀντὶ
767 1846 830 1902 rell.
846 1845 929 1903 codd.
945 1851 976 1904 et
996 1845 1076 1917 edd.;
1095 1878 1133 1888 —
1150 1864 1204 1921 μεν
1216 1847 1265 1927 Μ,

137 1939 255 1998 εἷδαιοιν
276 1933 362 2015 ὀρέος
375 1938 421 2010 Μ;
442 1936 583 2015 ηλλάξατο
598 1939 638 2008 Μ,
653 1935 791 2016 η’λλέξατο
805 1939 841 2010 A,
856 1935 994 2007 ἐλλέξατο
1011 1940 1049 2011 Q3
1077 1973 1103 1980 —
1128 1938 1193 1999 203
1208 1937 1265 1996 ἐπι-

135 2052 244 2109 κοσμον
258 2033 304 2104 Μ;
331 2050 527 2108 εφεσπομενην
541 2032 587 2103 Μ,
613 2028 810 2108 ἐφεσπομένην
823 2032 863 2103 Α;
894 2031 1049 2108 αφμοδιτην
1062 2033 1110 2104 Μ;
1135 2065 1170 2074 -
1198 2030 1265 2090 204

134 2126 295 2184 auratorum
306 2126 353 2197 M;
367 2124 555 2200 ἐλασσάμενος
565 2126 607 2198 Μ,
628 2123 849 2201 ἶλασσάμενοςῦ
863 2133 930 2184 ante
944 2142 1028 2198 corr,
1042 2125 1131 2198 LNR,
1154 2123 1266 2180 ἱλασσά-

129 2252 257 2330 μενοςῦ
266 2259 334 2325 post
344 2268 427 2325 corr,
443 2216 628 2330 ἶλήισνχσάμενος
641 2253 674 2325 Ρ,
696 2252 883 2327 ἱλασκόμενος
898 2251 975 2326 SW,
997 2223 1186 2328 λ’λασκόμενος
1198 2252 1266 2323 AQ,

136 2344 330 2420 ἱλασσάμενος
343 2345 446 2419 scripsi
460 2346 636 2405 Schneidero
650 2345 803 2404 obsecutus
827 2362 909 2403 »nam
931 2361 965 2404 eo
979 2347 1042 2418 ipso
1063 2350 1194 2419 tempore
1210 2363 1267 2417 quo

132 2455 226 2512 snper
246 2444 363 2510 tergora
376 2439 463 2497 maris
477 2439 643 2511 navigabat,
663 2437 831 2502 άκταιόις
851 2438 967 2509 quidem
987 2437 1134 2497 sacrificiis
1149 2440 1267 2512 placare

135 2533 224 2592 deam
235 2533 318 2591 Paris
331 2549 387 2591 non
400 2533 522 2604 potuit«.
548 2532 605 2590 Sed
619 2532 710 2589 falsus
725 2537 790 2588 erat
801 2531 959 2590 Schneider
972 2549 1000 2604 p.
1008 2539 1064 2590 426
1079 2533 1174 2604 ipsum
1190 2531 1267 2589 iino-

135 2623 266 2700 σάμενος
279 2627 308 2683 in
318 2627 352 2684 M
363 2633 511 2684 exaratum
524 2641 588 2684 csse
600 2624 730 2684 credens.
744 2657 778 2666 —
792 2622 910 2681 θοέσσιν
919 2625 963 2695 R,
981 2657 1011 2664 -
1028 2621 1094 2681 205
1109 2619 1206 2680 έλλεεν
1219 2625 1253 2682 Μ
1258 2643 1266 2696 ;

131 2716 326 2795 ἐλλήσποντον
338 2720 381 2792 Μ,
394 2716 558 2777 ἑλίσποντον
574 2720 612 2791 Q,
633 2715 757 2794 ἐπεορέα
770 2717 847 2789 Μῦς
869 2715 1019 2791 θαλάσσης
1033 2716 1103 2789 Mc,
1125 2723 1155 2775 et
1169 2718 1266 2789 glossa

133 2814 167 2870 in
182 2812 213 2885 0,
234 2811 358 2890 ιηθήνης
373 2812 409 2885 0,
430 2811 545 2890 τιθήνης
564 2814 626 2870 rell.
647 2813 731 2871 codd.
752 2818 783 2870 et
796 2811 861 2871 edd.
876 2825 987 2882 omnes,
1015 2817 1134 2883 praeter
1153 2810 1265 2880 Lebrs.‚

136 2907 189 2978 qui
211 2905 331 2984 γαλήνης
350 2908 462 2979 recepit
482 2923 518 2965 ex
537 2907 715 2979 coniectura,
741 2922 827 2978 quam
851 2904 921 2964 fecit
946 2904 1066 2977 Lennep
1092 2905 1266 2977 comparatis

131 3017 181 3059 vv.
189 3001 244 3058 227
259 3006 289 3058 et
299 3006 364 3072 362,
377 3005 407 3058 et
420 3001 513 3059 Noun.
523 3007 594 3072 3,60
609 2996 712 3071 (άπνοα
722 2998 856 3077 σιγαλέης
869 2995 1044 3056 ἐτανύσσετο
1059 2999 1152 3056 νῶτα
1165 2996 1268 3076 γαλή-

136 3096 215 3170 νης)
231 3098 261 3150 et
273 3094 407 3166 probavit
419 3093 566 3152 Hermann
576 3112 605 3166 p.
614 3095 659 3151 1⁷.
679 3093 781 3161 Iulien,
796 3099 912 3150 secutus
926 3109 945 3150 a
959 3091 1123 3165 Scbaefero,
1144 3092 1175 3150 id
1189 3093 1267 3165 quod

138 3187 306 3245 coniecerat
317 3187 403 3244 etiam
413 3185 572 3256 Brodaeus,
583 3184 807 3256 repudiaverant
820 3189 917 3242 autem
927 3183 1083 3242 Dorvillius
1096 3189 1125 3241 et
1134 3184 1265 3258 Lennep,

133 3277 299 3356 θαλάσσης,
320 3279 420 3337 edidit.
452 3277 556 3337 Confer
569 3278 658 3336 etiam
672 3275 816 3336 Graefium
836 3294 865 3351 p.
881 3283 950 3335 249:
973 3277 1129 3336 »Fortasse
1151 3273 1265 3354 τιθήνης
1311 3293 1313 3298 ·

133 3373 299 3447 proximum
323 3388 438 3430 versum
461 3370 632 3444 claudebat,
656 3371 695 3428 ad
720 3386 805 3442 quem
830 3371 942 3428 librarii
966 3371 1066 3428 oculus
1093 3386 1157 3428 cum
1184 3369 1265 3428 aber-

133 3469 244 3531 rasset,
264 3464 370 3522 factum
392 3469 445 3534 est,
470 3469 503 3522 nt
522 3463 612 3523 verba
631 3464 804 3536 interposita
824 3464 1035 3522 omitterentur.
1056 3466 1120 3523 ,Ita
1139 3463 1264 3536 cogitari

129 3564 219 3619 certe
238 3562 345 3632 potest,
365 3574 444 3616 mare
465 3555 577 3635 τιθήνην
597 3575 616 3616 a
635 3559 749 3616 Venere
769 3559 881 3616 marina
900 3558 1005 3628 vocari,
1027 3557 1132 3616 veluti:

240 3681 340 3744 ἔπλεεν
355 3682 559 3761 Ἑλλήσποντον
578 3682 627 3742 ἐπ’
648 3680 735 3760 εὐρέα
754 3686 833 3743 νῶτα
854 3683 1053 3763 θαλάσσης·

241 3775 317 3837 οὐδ’
337 3776 424 3844 ἁλὸς
443 3775 520 3836 οἶδε
540 3777 609 3836 θεὰ
635 3777 839 3854 λειαινέμεν
859 3775 966 3854 οἶδμα
985 3776 1138 3856 τιθήνης.

132 3909 232 3968 relata
253 3908 291 3966 ad
311 3925 336 3968 v.
351 3915 439 3967 202s.
470 3907 528 3966 Sed
547 3906 566 3966 f.
588 3905 704 3987 τιθήνης
723 3913 817 3968 ortum
838 3914 883 3968 est
903 3925 939 3966 ex
963 3908 1038 3966 male
1062 3907 1191 3980 repetita
1210 3907 1265 3978 syl·

132 4035 208 4097 laba
227 4041 374 4110 postrema
386 4052 446 4095 voc.
468 4035 556 4092 νῶτα
576 4040 606 4094 et
619 4036 754 4108 genetivo
767 4033 921 4111 θαλάσσης
934 4051 987 4108 per
1002 4034 1150 4108 compend.
1166 3995 1265 4089 θαλοάπ
