3078 4654
732 301 945 366 -84-

278 474 354 547 quod
367 471 496 532 Phthia
515 487 548 530 re
559 469 961 531 versinHaemoniorum
974 475 1063 540 terra,
1086 470 1266 528 inhchaia
1282 469 1406 543 proprie

278 567 356 626 dicta
377 567 434 624 sita
453 565 501 631 sit,
520 565 609 622 malui
627 569 694 637 post
711 559 786 640 Φθίη
803 561 980 637 βωτιάνειρα
1000 567 1038 633 (v.
1054 568 1121 636 221)
1142 563 1253 636 aliquot
1266 578 1405 620 versuum

277 661 418 718 iacturam
442 658 583 731 indicare,
613 659 770 731 inquibus
797 663 864 731 post
890 659 1012 716 aliarum
1038 658 1207 716 Thessaliae
1234 655 1404 716 florentium

277 751 388 812 urbium
409 750 490 823 (Iolci
509 755 593 824 puto)
620 752 862 810 enumerationem
883 749 921 808 ad
940 751 1044 822 reliqui
1070 751 1099 808 in
1119 750 1274 809 Graeciam
1295 755 1325 806 et
1344 749 1402 806 Pe-

276 846 468 918 loponnesum
481 845 592 904 itineris
612 844 833 918 descriptionem
847 845 1008 917 perrexerit
1027 850 1123 918 poeta.
1149 844 1247 916 Atque
1267 846 1402 903 lacunam

276 939 379 997 statuit
399 939 486 996 etiam
506 939 647 998 Tournier
665 958 693 1013 p.
715 947 752 999 30
778 937 826 996 καλ
844 939 1017 1012 particulam
1038 945 1106 1012 post
1124 935 1303 1012 βωτιάνειρα
1322 938 1401 1010 posi-

276 1037 336 1091 tam
354 1032 514 1090 omiasionis
536 1049 634 1091 ansam
653 1032 822 1107 praebuisse
841 1037 930 1091 ratus.
951 1062 987 1072 -
1007 1031 1121 1091 Pendet
1143 1036 1242 1090 autem
1265 1028 1314 1086 διὰ
1326 1029 1401 1108 χθο-

277 1123 327 1190 νὸς
350 1125 386 1183 ab
411 1122 567 1186 ἀνέτελλεν.
593 1157 632 1167 -
658 1126 722 1197 Qua
746 1125 936 1198 explicatione
968 1125 1096 1184 admissa
1122 1124 1194 1182 nihil
1218 1120 1400 1194 habebimcS,

276 1235 327 1278 cnr
346 1214 477 1294 ἐξαπι1ης
495 1235 522 1277 r.
544 1225 608 1290 220,
633 1218 710 1290 quod
730 1218 766 1278 de
786 1218 954 1278 Thessaliae
974 1218 1093 1277 urbibus
1118 1233 1175 1274 non
1202 1216 1287 1274 nimis
1312 1217 1399 1288 longe

274 1314 350 1372 inter
369 1327 400 1370 se
421 1309 603 1381 distantibus,
623 1327 716 1385 neque
735 1314 819 1370 nimis
833 1314 918 1386 longo
939 1313 1082 1386 temporis
1103 1310 1259 1369 intervallo
1280 1309 1311 1366 in
1332 1325 1398 1368 con-

275 1412 406 1480 spectum
424 1404 558 1463 celeriter
577 1405 738 1478 navigantis
758 1405 966 1479 prodeuntibus
988 1405 1100 1463 dictum
1116 1405 1164 1461 vix
1177 1405 1284 1461 iustam
1299 1418 1397 1475 repre

274 1499 439 1558 hensionem
459 1499 606 1557 incurrere
626 1504 736 1572 potest,
761 1513 825 1556 cnm
846 1498 1022 1557 Schneidero
1042 1516 1070 1571 p.
1094 1499 1149 1554 417
1172 1498 1201 1554 in
1222 1491 1318 1572 ἑξείης
1339 1513 1399 1553 mu·

275 1597 382 1662 temus,
403 1593 512 1650 scilicet
532 1593 599 1663 quia
621 1608 691 1651 neae
710 1594 793 1664 ipsae
813 1607 884 1664 quas
907 1592 1063 1650 nominarit
1082 1591 1167 1648 urbes
1186 1591 1232 1648 vel
1250 1591 1398 1662 regiones,

275 1683 380 1743 Phthia
394 1690 429 1741 et
440 1685 604 1756 Mycene,
624 1701 681 1743 nou
694 1690 851 1757 potueruut
863 1680 997 1762 ἐξαπίνης
1010 1700 1154 1757 apparere
1167 1683 1283 1753 Parid13
1303 1684 1399 1756 potuit

275 1776 391 1849 quidem
415 1793 485 1848 una,
511 1783 542 1834 at
566 1793 623 1835 nou
646 1784 803 1852 potuerunt
828 1779 911 1835 simul
937 1778 1012 1836 duae
1037 1794 1111 1849 quae
1138 1778 1225 1848 longo
1251 1781 1397 1834 terrarum

274 1877 370 1930 tractu
390 1872 466 1929 inter
485 1888 517 1930 se
537 1872 672 1930 distante
707 1865 781 1948 ἤθεα
802 1871 882 1948 γαίης
907 1889 942 1930 ex
961 1871 1115 1944 Apollonio
1135 1870 1253 1929 Rhodio
1273 1870 1288 1927 Ι
1312 1872 1396 1940 1177,

274 1963 316 2024 ΙΠ
339 1973 425 2040 1121,
451 1966 490 2026 IV
511 1974 565 2025 511
588 1973 617 2025 et
638 1969 703 2039 739,
728 1967 779 2025 sed
800 1973 900 2024 contra
920 1966 1014 2025 Nonni
1035 1981 1117 2022 usum
1139 1964 1212 2023 coni.
1252 1963 1397 2022 Teurnier

273 2079 301 2134 p.
321 2067 365 2118 29.
389 2093 421 2102 -
444 2057 546 2117 αὐτιὸια
566 2060 597 2116 αἱ
619 2059 723 2124 πόλεες
746 2057 880 2135 φαίνοντο
899 2056 1031 2137 ἀχαιΐδος
1056 2055 1119 2134 αἴης
1138 2060 1170 2128 11;
1196 2055 1329 2134 εξαπίνης
1348 2057 1396 2126 Μ;

274 2151 422 2210 ἀνετελλεν
442 2153 531 2224 Mw,
552 2151 700 2209 ἀνέτελλεν
720 2151 906 2223 OLNPSR,
927 2149 1069 2208 ἀνέτειλεν
1088 2151 1159 2222 AQ,
1180 2151 1291 2219 Julien,
1319 2148 1396 2220 quod

274 2247 299 2304 si
323 2261 436 2304 sensnm
454 2245 552 2303 solum
573 2250 686 2316 spectes
707 2250 786 2302 certe
807 2243 1028 2316 praeferendum
1058 2249 1148 2315 esset3
1176 2243 1228 2301 sed
1253 2259 1395 2314 nusquam

272 2342 390 2399 Nonnus
410 2340 491 2398 verbi
510 2337 657 2396 ἀνατέλλοι
682 2339 790 2399 aoristo
810 2356 878 2397 usus
905 2345 964 2412 est,
992 2337 1043 2396 cir.
1065 2337 1243 2397 Schwabium
1269 2337 1307 2394 ad
1328 2337 1394 2393 Mu-

274 2448 372 2492 saeum
391 2450 417 2490 v.
434 2440 487 2492 111
509 2438 539 2490 et
558 2448 642 2504 quem
661 2433 711 2491 ille
730 2433 831 2492 laudat
844 2433 1005 2504 Patzigium
1026 2431 1063 2489 de
1081 2432 1196 2490 Musaei
1220 2430 1394 2489 emendandi

273 2525 384 2585 ratione
404 2543 432 2598 p.
448 2533 493 2584 50.
514 2558 552 2568 —
571 2523 702 2605 αχαιΐδος
715 2526 756 2598 Μ,
776 2523 899 2604 ἀχαῖδος
912 2527 970 2598 RQ
991 2533 1021 2585 et
1042 2525 1106 2584 edd.
1129 2531 1196 2584 ante
1210 2525 1336 2584 Bekker.
1357 2559 1392 2568 ·-

274 2618 364 2678 ανθεα
384 2620 424 2691 Μ,
446 2615 538 2676 ἄνθεα
556 2618 752 2692 AOLNQR,
774 2619 850 2692 quod
870 2619 1004 2694 probavit
1024 2617 1182 2678 Schneider
1201 2637 1229 2692 p.
1251 2621 1317 2691 417,
1345 2621 1395 2691 qui

274 2715 360 2772 etiam
380 2719 465 2787 putat
486 2713 588 2786 »plura
608 2714 718 2774 duobus
742 2715 850 2788 oppida
870 2717 1082 2774 nominaturum
1102 2719 1219 2788 poetam
1239 2712 1343 2786 fuisse,
1368 2715 1394 2772 si

275 2803 364 2864 ἄστεα
388 2809 584 2881 scripsisset«,
614 2803 705 2865 ἄστεα
730 2808 754 2865 Ρ
780 2808 911 2882 [sz]
940 2813 970 2867 et
997 2807 1062 2867 edd.
1089 2825 1196 2866 omnes.
1238 2807 1393 2866 Caeterum

272 2899 413 2958 Teurnier
436 2917 465 2972 p.
487 2906 531 2958 29.
553 2907 590 2958 30
616 2916 742 2958 errorem
767 2902 990 2975 geographicum
1014 2901 1147 2960 Oollutho
1172 2901 1392 2972 relinquendum

273 3008 336 3050 esse
355 2993 476 3062 censuit,
496 2997 526 3048 et
546 3008 570 3049 v.
592 2999 647 3050 219
668 2998 718 3050 aut
734 2989 793 3071 ῥία,
814 2999 873 3065 ant,
894 2995 970 3066 quod
991 2995 1139 3067 praetulit,
1160 2992 1226 3069 δρία
1248 3011 1301 3067 pro
1322 2991 1391 3070 δίχα

271 3085 440 3156 rescribens,
461 3085 554 3142 locum
574 3085 616 3142 sic
635 3087 798 3145 constituit:

478 3217 522 3297 Τῷ
538 3218 572 3277 δὲ
588 3219 786 3300 βαθυκλήροιο
806 3221 872 3299 δρία
889 3221 1001 3301 χθονὸς
1023 3221 1180 3301 Αἱμονιήων

473 3310 614 3390 ἐξαπίνης,
633 3313 770 3384 ἀνέτελλέ
787 3317 810 3371 τ’
828 3311 972 3394 Ἀχαιίδος.
987 3310 1062 3392 ἤθεα
1082 3313 1172 3392 γαίης,

271 3459 335 3529 nbi,
361 3465 394 3517 ut
413 3459 450 3518 de
474 3460 539 3518 aliis
559 3467 685 3533 taceam,
709 3460 828 3521 offendit
847 3479 880 3517 τε
899 3461 1044 3534 particula
1064 3477 1083 3520 a
1104 3459 1237 3518 collutho
1257 3465 1390 3520 constan·

272 3555 318 3606 ter
337 3556 444 3623 spreta.
485 3553 637 3612 (laetorum
653 3550 778 3632 Ἀχαιίδα
797 3555 877 3628 γαῖαν
896 3553 951 3612 hoc
970 3553 1033 3612 loco
1054 3569 1110 3612 non
1130 3552 1322 3622 Thessaliam,
1344 3552 1389 3610 vel

271 3641 438 3702 Thessaliae
457 3650 579 3717 partem,
600 3645 652 3702 sed
672 3646 833 3704 universam
852 3645 1004 3703 Graeciam
1025 3645 1195 3718 siguificare,
1217 3661 1281 3704 cum
1302 3645 1388 3702 etiam

270 3735 393 3807 Mycene
407 3737 501 3796 eidem
513 3738 649 3797 Achaeae
665 3739 818 3812 tribuatur,
839 3741 947 3812 primus
961 3738 1110 3798 contendit
1122 3738 1284 3810 Brodaeus,
1304 3753 1388 3808 quem

271 3829 363 3886 secuti
388 3837 454 3888 sunt
473 3830 577 3903 reliqui
597 3832 723 3893 editores
745 3840 775 3892 et
794 3834 895 3904 critici,
922 3834 1014 3890 minus
1039 3840 1128 3906 recte,
1155 3834 1236 3890 utin
1261 3836 1331 3891 nota
1351 3830 1389 3890 ad

271 3922 449 3997 superiorem
468 3940 581 3982 versum
600 3927 722 3985 ostendi.
737 3958 773 3967 -
788 3924 850 3985 221
869 3923 957 4003 φιλείη
972 3927 1010 3998 Q3
1031 3943 1128 3987 vocem
1150 3923 1225 4002 Φθίη
1245 3927 1276 3981 in
1295 3925 1389 3999 suspi-

270 4017 380 4080 tionem
403 4016 516 4076 vocavit
534 4016 705 4092 Bernhardy
724 4016 848 4078 Grundr.
873 4015 901 4073 d.
928 4033 969 4088 gr.
991 4018 1048 4076 Lit.
1069 4019 1131 4077 111
1158 4037 1186 4091 p.
1207 4026 1278 4086 402,
1303 4019 1388 4086 male,
