3078 4654
735 324 970 388 -124-

292 524 378 582 quam
398 524 521 580 versum,
541 507 592 581 qui
609 524 686 570 nuuc
704 511 760 570 sib
774 516 828 585 ast,
848 509 973 574 feliciter
984 513 1173 586 transposuit,
1191 517 1274 572 recte
1293 513 1430 573 lacunae

291 600 375 675 signu
384 601 455 676 poni
464 601 559 676 iussit,
570 601 657 662 »addi
667 603 743 663 eninr
753 603 879 666 debebat
888 605 1073 666 Hermionam
1082 606 1140 666 iam
1153 605 1278 666 dmiissa
1292 611 1429 666 matrem

293 710 444 769 quaerere,
465 696 518 757 sed
539 714 596 758 nou
616 696 739 758 desiisse
759 697 853 760 dolori
864 699 1047 772 indulgere«.
1068 697 1167 760 -888
1187 699 1224 758 de
1243 699 1301 760 boc
1320 715 1427 774 versu,

292 789 342 860 qui
361 789 429 848 olim
449 797 516 864 post
535 809 561 851 ν.
576 793 633 852 tiit
651 790 818 867 legebatur,
843 793 909 854 vide
929 793 968 853 ad
987 811 1013 853 ν.
1027 795 1093 854 tib.
1135 793 1201 853 Huc
1218 795 1426 867 transpositus

293 887 339 942 cst
358 883 395 942 ab
415 881 580 944 Hermanno
606 903 634 960 p.
649 893 700 959 22,
725 887 867 961 probante
892 887 1016 947 Lebrsio
1045 891 1075 947 et
1099 887 1280 948 Schneidero
1304 907 1335 962 p.
1353 895 1424 949 416.

293 976 447 1037 mentum
467 973 544 1036 ούτιν
563 978 642 1051 MQ3
663 978 847 1056 καλλιμόροιο
863 980 1054 1058 μετσρμανίην
1073 979 1116 1054 Μ,
1132 979 1206 1058 μεθ’
1225 980 1294 1058 ἀρμ.
1310 980 1344 1041 0.
1388 981 1424 1040 In

289 1070 323 1130 M
337 1071 404 1130 libri
415 1072 560 1145 scriptura
572 1071 755 1149 καλλιμόροιο
768 1074 895 1134 melioris
908 1075 1041 1134 lectionis
1054 1077 1210 1148 vmtigium
1222 1077 1317 1136 latere
1331 1081 1423 1150 puta-

290 1165 342 1225 bat
362 1164 493 1226 Graeiius
513 1184 542 1240 p.
558 1166 623 1225 257.
647 1200 678 1208 -
700 1165 763 1227 389
783 1169 930 1227 Hermann
949 1186 978 1242 p.
994 1177 1030 1228 22
1051 1167 1100 1227 κοιλ
1120 1170 1150 1228 in
1167 1169 1226 1247 πὰρ
1247 1169 1423 1230 dubitanter

289 1265 403 1319 mutato
417 1261 550 1320 lacunam
564 1261 702 1334 obtegere
722 1262 820 1333 voluit,
840 1263 962 1322 lacunae
980 1269 1077 1322 tamcn
1097 1263 1209 1337 signum
1230 1263 1279 1322 καλ
1298 1270 1419 1324 retento

291 1353 390 1426 posuit
407 1353 510 1424 Lehrs,
532 1355 673 1429 probante
688 1355 864 1415 Schneidero
884 1373 912 1428 p.
927 1363 993 1430 416,
1013 1358 1060 1415 oui
1079 1357 1201 1416 lacunae
1220 1358 1418 1431 suspicionem

296 1454 374 1506 »tum
393 1449 632 1523 praepositionis,
657 1449 734 1508 unde
758 1447 929 1527 πτολίεθρον
954 1456 985 1508 at
1008 1450 1096 1527 πόρον
1121 1450 1251 1525 pendent
1271 1451 1416 1522 deiectus,

288 1547 349 1599 tum
370 1544 491 1615 exiguus
511 1543 639 1604 locorum
659 1559 731 1615 quos
751 1543 884 1617 attigisse
897 1544 981 1602 Paris
995 1543 1103 1604 dicitur
1121 1561 1276 1604 numerus«
1297 1543 1416 1604 firmare

287 1635 449 1696 videbatur.
489 1635 621 1696 Graefius
641 1655 669 1710 p.
685 1645 741 1697 258

441 1781 489 1838 καλ
510 1779 639 1840 Κικόνων
657 1779 814 1860 πτολίεθρα
834 1780 882 1840 καλ
904 1780 1032 1848 Αἰολίδος
1050 1781 1139 1859 πόρον
1151 1777 1253 1860 Ἵόλλης

440 1869 504 1954 ἤδη
523 1873 780 1952 ποντοπόροισι
798 1873 1027 1952 παραλλάξας
1047 1870 1099 1933 tvi
1119 1877 1255 1954 νηυσίν,

440 1968 600 2048 Δαρδανίης
618 1967 775 2047 λιμένεσσιν
795 1967 811 2026 δ
832 1970 952 2046 νυμφίος
970 1965 1060 2047 ἤγαγε
1079 1966 1186 2048 νύμφην

287 2116 470 2178 scribendum
483 2131 547 2175 osso
560 2116 734 2174 coniecerat.
763 2112 889 2180 αἰολιδος
902 2114 948 2185 Μ;
967 2133 1056 2190 πορον
1069 2115 1110 2186 Μ,
1124 2113 1197 2192 πόρο
1209 2116 1249 2187 V;
1271 2114 1356 2192 ελλης
1368 2115 1413 2188 Μ,

287 2203 373 2288 ἔλλης
386 2210 425 2282 V;
457 2243 490 2252 ·-
522 2206 587 2267 390
608 2205 779 2284 δαρδανίδης
797 2205 841 2274 Μ,
861 2204 1015 2286 δσφδανίης
1032 2205 1068 2279 L,
1088 2205 1252 2284 δαρδανίοις
1272 2207 1411 2282 Stephan.

287 2305 420 2374 Lectius,
444 2304 550 2363 Portus
576 2307 606 2360 et
625 2302 776 2375 Eobanus‚
799 2301 981 2375 improbante
1000 2302 1163 2375 Lenuepi03
1190 2300 1354 2377 λομενεσσιν
1367 2301 1410 2372 Μ,

287 2397 425 2473 λιμενεσιν
439 2397 480 2468 V3
505 2396 582 2469 οΜ,
608 2397 685 2469 rQ3
711 2415 831 2473 νομφιος
850 2397 897 2469 Μ;
922 2393 1011 2474 ἤγαγε
1030 2396 1076 2470 Μ,
1102 2390 1205 2473 ἤγαγεν
1227 2395 1265 2468 03
1290 2428 1326 2437 —
1350 2393 1410 2454 391

286 2488 381 2569 ποχνὰ
400 2491 439 2564 Ι.;
466 2490 579 2549 δετιλλε
597 2493 638 2563 Μ,
665 2486 692 2548 δ’
717 2485 811 2548 ἔτιλλε
834 2491 897 2549 τελλ.
918 2489 1001 2550 codd.
1023 2495 1053 2548 et
1073 2489 1138 2548 edd.
1159 2488 1409 2562 praecernens„

290 2585 340 2657 qui
359 2581 393 2644 δὲ
413 2583 490 2643 τίλλε
508 2585 661 2647 manifesto
681 2587 896 2659 typothetarum
916 2601 1024 2659 errore,
1047 2584 1141 2656 »quod
1161 2589 1242 2646 recto
1256 2601 1274 2643 a
1287 2582 1409 2642 Lehrsio
1520 2591 1521 2596 ’

287 2680 396 2740 editum
416 2680 501 2740 Dion.
519 2681 688 2754 XXXVIII,
715 2689 769 2740 152
796 2676 853 2737 υἱέϊ
868 2678 962 2736 δῶκεν
992 2673 1070 2758 ἔχειν
1094 2678 1283 2750 intelligitur«
1315 2677 1409 2736 indite

288 2773 412 2834 Tiedkio
434 2775 545 2846 (Herm.
558 2774 630 2834 XIII
649 2792 678 2848 p.
693 2775 762 2843 224)
789 2788 874 2844 quem
893 2788 949 2830 non
971 2770 1119 2842 intellego.
1146 2768 1180 2828 δὲ
1199 2767 1276 2826 τίλλε
1297 2768 1409 2828 deside-

288 2867 374 2926 rabat
400 2868 487 2926 etiam
511 2867 651 2927 Wernike
677 2867 715 2924 ad
740 2864 896 2939 Trypbiod.
923 2882 952 2938 p.
968 2872 1038 2936 3313
1069 2870 1157 2924 recte.
1189 2895 1222 2905 -
1255 2880 1344 2940 κομην
1362 2861 1408 2937 Μ;

286 2956 313 3017 δ’
337 2977 392 3020 om.
407 2960 453 3032 M;
478 2957 583 3037 ἔρρηξε
602 2960 649 3033 Μ,
676 2955 780 3037 ἔρρηξε
800 2962 863 3018 rell.
884 2959 967 3020 codd.
997 2964 1027 3018 et
1052 2957 1117 3017 edd.
1138 2963 1256 3032 praeter
1279 2955 1406 3030 Portum,

288 3053 338 3126 qui
356 3058 436 3112 recte
456 3048 558 3130 ἔρριψε
578 3054 696 3126 scripsit
716 3069 751 3112 ex
770 3053 853 3113 Hom.
875 3055 908 3112 Il.
929 3051 960 3111 X
971 3060 1026 3113 406

870 3198 888 3280 ἦ
907 3197 944 3258 δέ
960 3218 992 3259 νυ
1009 3195 1103 3278 μήτηρ

420 3293 521 3354 Τίλλε
540 3296 664 3375 κόμην,
686 3295 741 3354 ἀπὸ
762 3292 796 3353 δὲ
817 3290 932 3373 λιπαρὴν
951 3289 1077 3372 ἔρριψε
1097 3288 1294 3369 καλύπτρην

287 3449 316 3502 et
338 3442 408 3504 coll.
424 3450 480 3502 322
496 3439 626 3520 Ἑρμιόνη
646 3438 673 3499 δ’
697 3437 840 3518 ἀνέμοισιν
860 3439 1096 3519 ἀπορρίψασα
1116 3436 1328 3517 καλύπτρην.
1350 3438 1402 3500 cfr.

285 3544 439 3610 praeterea
458 3537 592 3596 Tzomam
613 3537 695 3595 Hom.
709 3542 775 3594 410.
789 3541 855 3594 411.
878 3567 912 3577 -
933 3532 997 3594 392
1018 3531 1185 3610 κασσανδρη
1198 3533 1240 3606 Μ,
1261 3532 1402 3615 κασᾴνδρη

285 3627 388 3704 LQV,
409 3629 557 3708 κασάνδρη
578 3646 614 3688 ex
633 3626 783 3706 κασύνδρα
804 3627 840 3700 0;
861 3627 999 3706 νεόφυτον
1019 3627 1098 3702 MG,
1119 3632 1152 3685 ut
1171 3627 1264 3686 edidit
1284 3627 1400 3700 Stepha-

287 3729 350 3796 nus,
369 3724 517 3796 lichanos,
535 3725 650 3795 Portus,
678 3742 825 3800 νεοφοιτον
845 3725 885 3798 V,
912 3723 1061 3801 νεόφοιτον
1079 3724 1143 3782 rell.
1170 3723 1253 3783 codd.
1276 3729 1307 3783 et
1332 3719 1399 3796 edd,
1522 3711 1523 3752 ³

286 3815 436 3894 νεόφοιτος
460 3819 586 3879 coniecit
605 3817 725 3890 Lennep
751 3819 841 3877 allato
861 3817 969 3892 Trypb.
984 3820 1041 3879 374
1062 3813 1235 3895 Κασσάνδρη
1256 3815 1399 3895 νεόφοιτος

286 3909 349 3982 (ubi
368 3909 525 3988 δεόφοιτος
544 3911 607 3972 cod.
622 3911 659 3985 Α)
680 3907 830 3985 ἐμαίνετο,
850 3912 984 3986 probavit
1003 3911 1156 3984 Wemilre,
1183 3911 1233 3985 qui
1253 3916 1399 3984 praeterea

285 4003 419 4069 Tuetzam
440 4007 523 4065 Hom.
538 4014 662 4079 410sqq.
682 4006 795 4065 attulit:
