3078 4654
726 337 962 404 —116—

280 529 390 594 otonis
410 527 499 589 soeia.
528 525 695 616 Siquidem
715 525 790 585 enim
811 523 937 586 existam
955 523 1056 598 ambo,
1075 539 1197 584 neeesse
1217 531 1273 596 eet,
1293 530 1344 600 ut,
1364 525 1409 584 esi
1518 557 1520 604 ,

282 623 379 685 omnia
398 620 559 681 eommunia
580 619 753 694 obtigerint,
779 633 870 693 opera
893 617 1010 678 maioris
1030 624 1101 678 natu
1125 615 1225 677 framis
1246 618 1403 678 imitatum«
1518 635 1520 710 η

283 712 368 775 ὕπνον
382 711 447 775 ἔλον
458 713 594 774 θανάτοιο
607 711 783 790 συνέμπορον
796 712 887 774 voluit
896 711 1043 773 Wernike.
1063 711 1158 771 Iulian
1172 728 1209 771 ex
1221 711 1407 774 Boiesonadil

283 810 451 872 eonieotura
472 803 558 874 ὕπνος
582 803 647 887 ἔχει
668 805 806 866 θανάτοιο
832 802 1010 882 σονέμπορος
1036 804 1129 864 edidit
1154 805 1342 865 anaoolutbia
1365 806 1406 864 in·

284 903 446 974 tolerabili,
472 909 505 962 nt
523 908 603 962 reete
623 901 696 960 vidit
715 917 817 960 oensor
836 900 1050 974 Gottingensie,
1075 904 1168 959 totum
1193 899 1288 959 locum
1309 903 1405 958 autem
1519 915 1520 926 ¹

288 998 331 1057 aie
354 996 493 1057 vertendo
519 995 675 1070 expressit:
704 1011 808 1067 »quum
832 1009 900 1054 vero
924 993 1093 1053 inclinasset
1117 993 1259 1052 cervicem
1283 993 1405 1053 Somnus

286 1105 360 1152 eam
381 1090 478 1163 babet,
497 1089 565 1150 Leti
584 1088 691 1160 sooius;
711 1089 736 1148 si
757 1090 833 1147 enim
853 1086 976 1146 eadem
996 1092 1110 1146 matrs
1129 1085 1203 1146 editi
1222 1092 1291 1146 sunt
1315 1089 1407 1159 ambo,

284 1199 409 1245 neeesse
428 1187 482 1256 ost,
503 1188 536 1240 ut
550 1181 708 1253 Somnus,
729 1181 779 1252 qui
798 1181 895 1240 omnia
913 1179 1075 1239 eommunia
1093 1179 1214 1239 sortitus
1235 1185 1289 1244 est.
1311 1181 1410 1255 Opera

284 1276 457 1351 antiquioris
476 1274 576 1334 matris
596 1275 627 1345 (i.
642 1289 667 1334 o.
681 1273 761 1346 Leti)
782 1279 944 1333 exornent«
975 1272 1095 1332 Lacuna
1108 1272 1203 1332 loenm
1215 1273 1408 1348 deprevatum

284 1387 350 1432 esse
369 1371 514 1432 sententia
528 1373 593 1429 erat
605 1370 733 1430 censoris
746 1368 953 1442 Gottingensis.
987 1366 1084 1439 Getta,
1104 1372 1136 1425 ut
1155 1367 1288 1440 putabat,
1311 1384 1407 1428 emen·

284 1465 402 1528 datione
423 1463 555 1526 Graefiue
575 1483 604 1539 p.
625 1471 681 1525 256
701 1465 794 1524 loeum
814 1463 856 1522 sie
876 1463 1004 1535 scripsit:

441 1630 455 1666 κ
478 1651 486 1667 .
508 1651 517 1667 .
537 1651 544 1668 .
699 1608 909 1667 ἀνακλίναοκε
929 1607 963 1667 δὲ
983 1592 1078 1686 demde

441 1697 560 1776 ὕπνος,
580 1697 650 1774 ἐπεὶ,
670 1700 807 1760 θανάτοιο
827 1699 1004 1779 ουνέμπορος
1023 1699 1123 1779 εἴπερ
1143 1696 1265 1781 ἐτύχθη,

439 1793 559 1874 ἀμφίς,
580 1793 727 1874 ἀναγκαίη,
748 1793 772 1865 ξ.
787 1817 814 1853 π.
830 1797 853 1854 λ.
875 1802 930 1858 etc.

283 1941 490 2003 reolinabat
513 1942 594 2001 eins
619 1933 746 2002 collum
766 1941 924 2002 Somnus:
950 1957 1043 2013 nam,
1070 1941 1099 1999 si
1120 1940 1184 1998 ille
1210 1956 1327 2000 eomes
1353 1948 1410 2002 est

282 2037 427 2110 Mortis,
447 2053 600 2099 neeesse
621 2043 688 2110 est,
710 2043 760 2108 nt,
780 2051 990 2095 communem
1010 2050 1084 2093 oum
1104 2033 1222 2092 Morte
1241 2039 1408 2095 naturam

282 2135 423 2206 nactus,
443 2133 591 2191 seorsim
605 2129 718 2208 (ἀμφίς)
733 2146 874 2203 quoque
887 2131 977 2201 (eolus
991 2145 1044 2202 per
1059 2129 1103 2202 se)
1123 2127 1216 2187 idem
1234 2145 1276 2188 ao
1290 2127 1409 2189 trater

283 2230 369 2284 natu
388 2226 500 2284 maior
521 2223 674 2283 efficere
693 2225 819 2296 possit.
855 2223 896 2284 Ut
914 2224 1013 2296 itaque
1033 2223 1114 2282 More
1137 2222 1300 2281 moribundi
1320 2230 1410 2297 capnt

282 2316 415 2388 inelinat,
435 2317 477 2375 ita
496 2317 573 2375 idem
592 2314 663 2375 feeit
682 2315 812 2376 Somnus.
852 2315 911 2376 Sed
931 2315 968 2374 de
995 2313 1094 2376 formis
1123 2313 1296 2388 quibusdem
1315 2318 1408 2376 levem

284 2409 493 2471 dubitationem
518 2409 588 2470 lauit
609 2411 678 2470 (lod.
703 2411 777 2470 Mut.
804 2428 839 2470 ex
861 2428 917 2484 quo
943 2416 1027 2469 erunt
1051 2409 1191 2482 fortasse,
1219 2409 1268 2481 qni
1294 2407 1408 2483 praeie-

283 2502 364 2564 rant:
385 2501 612 2584 οτονάχιζεν·
633 2502 841 2562 ἀνακλίνεοκε
860 2502 895 2563 δὲ
914 2503 940 2562 d.
969 2504 1043 2563 Mihi
1063 2509 1160 2563 tamen
1177 2504 1268 2562 tutius
1282 2503 1407 2576 videtur,
1518 2545 1519 2550 κ

283 2597 431 2672 vulgatum
459 2597 635 2657 ἀνακλίνασα
659 2598 777 2658 fumdum
801 2603 905 2673 putare
932 2599 1052 2658 verioris
1081 2597 1223 2657 lectionis.
1254 2638 1407 2654 ......

283 2692 423 2768 Superest
443 2693 561 2753 dubium
581 2694 618 2754 de
638 2693 775 2754 adverbio
795 2691 896 2770 duple,
922 2707 986 2750 eum
1005 2692 1114 2751 tentari
1140 2691 1227 2751 etiam
1248 2692 1407 2764 potuisset:

282 2785 414 2865 dppdci'
438 2787 590 2866 ἀναγκαίη,
617 2805 656 2848 so.
677 2785 770 2861 ἐστίν,
801 2793 925 2862 aperte
948 2803 1099 2846 neeesse
1120 2791 1184 2845 est.
1224 2787 1409 2860 Importunus

282 2885 380 2940 umen
403 2882 608 2955 apostrophus,
630 2883 685 2940 etsi
703 2881 882 2942 tolerabilior
900 2882 959 2955 illo,
980 2881 1030 2954 qui
1049 2874 1161 2941 ὕπνωο’
1179 2881 1209 2938 in
1230 2881 1350 2953 vulgata
1368 2879 1408 2938 le-

283 2973 378 3033 etione
403 2973 524 3033 obsidet.
558 2973 617 3034 Sed
636 2970 739 3052 ἄμφω
764 2974 863 3050 ἀναγκ.
889 2990 983 3047 neque
1007 2991 1108 3033 sensus
1135 2973 1283 3046 admittit,
1314 2987 1408 3046 neque

283 3066 429 3140 correptio
449 3068 555 3127 voeatis
576 3089 601 3123 ω
625 3068 682 3126 alio
703 3066 817 3126 Ooluthi
842 3069 973 3141 exemplo
993 3068 1106 3126 adstrui
1125 3070 1254 3142 potest«
1297 3063 1407 3125 Graetii

289 3161 483 3221 oonieoturam
508 3162 681 3236 improbauit
698 3162 845 3221 Hermann
869 3180 897 3236 p.
919 3169 955 3221 22
981 3177 1047 3221 uam
1075 3161 1217 3235 »primum
1241 3159 1410 3234 impeditior

282 3255 356 3315 haee
378 3260 522 3316 structura
540 3256 691 3315 verborum
712 3261 770 3328 est,
795 3272 881 3328 quam
900 3273 957 3329 qua
980 3255 1036 3314 hon
1062 3271 1154 3329 genus
1181 3259 1335 3330 poetarum
1363 3252 1407 3312 uti

283 3349 372 3422 solet3
398 3348 502 3408 deinde
528 3355 625 3408 autem
651 3347 843 3406 ἀνακλίνασκε
869 3365 944 3420 quae
969 3350 1048 3408 verbi
1075 3348 1168 3413 forma
1193 3355 1408 3432 frequentativa

284 3447 337 3513 eet,
358 3442 495 3502 abhorret
513 3442 550 3501 ab
570 3441 655 3501 huius
667 3443 724 3502 looi
742 3442 882 3501 rationem
914 3443 1010 3514 Quare
1025 3444 1198 3524 Hermanno,
1222 3471 1324 3526 »quae
1345 3473 1409 3514 eum
1518 3439 1519 3450 ,

286 3522 341 3592 hoe
359 3535 513 3609 participio
533 3535 727 3596 cohaerebant
752 3535 856 3606 verba,
881 3535 984 3595 deesse
1010 3539 1151 3599 videntur.
1194 3545 1227 3602 In
1248 3546 1284 3605 iis
1311 3554 1409 3608 antem

285 3642 360 3699 quae
380 3635 547 3703 sequuntur,
567 3631 593 3688 si
611 3636 729 3703 praeter
748 3625 836 3706 εἴπερ,
857 3630 934 3701 qnod
953 3636 1032 3690 reete
1053 3649 1071 3692 a
1092 3633 1208 3698 Graofio
1228 3641 1405 3716 restitutum,
1518 3639 1519 3710 l

282 3721 469 3797 perticipium
489 3723 575 3783 durele
594 3728 760 3796 reponatur,
780 3723 876 3782 omnia
895 3723 983 3796 plana
1002 3730 1084 3785 eunt:

489 3862 576 3934 ὕπνος
594 3863 656 3926 ἐπεὶ
675 3865 812 3926 θανάτοιο
832 3862 1010 3942 ουνέμπορος
1028 3865 1109 3946 εἴπερ
1131 3867 1252 3952 ἐτύχθη,
1306 3899 1311 3906 ·

488 3960 577 4040 ἄμφω
596 3959 735 4037 ἀναγκαίη
755 3957 852 4038 ξυνήϊα
871 3955 962 4015 πάντα
982 3959 1106 4040 λαχόντε

488 4050 561 4133 ἔργα
579 4053 777 4132 παλαιοτέοοιο
797 4049 980 4129 κασιγνήτοιο
999 4052 1123 4115 διώκειν.
