3092 4662
702 375 894 441 ..8-

318 559 434 626 Restat
459 563 497 626 ut
523 559 564 626 de
593 560 772 641 codicibus,
809 563 945 644 quorum
973 561 1133 644 integram
1161 559 1362 628 collationem

232 671 318 737 notis
344 670 479 750 insumi,
511 689 616 755 pauca
643 691 800 739 moneam.
850 671 932 738 Sunt
958 676 1066 738 autem
1092 669 1142 751 bi,
1158 690 1254 755 =quos
1280 669 1356 736 selis

226 779 307 848 ,GR
330 780 472 864 exceptis
495 800 605 848 omnes
625 781 695 865 ipse
717 780 837 846 contuli
859 779 1051 865 (ubicunque
1064 781 1099 846 in
1112 780 1197 848 notis
1217 778 1362 846 oodicum

235 887 332 973 siglas
360 890 450 956 uncis
477 890 689 971 circumdedi,
717 892 759 958 de
786 890 932 958 codicum
959 890 1118 975 scriptura
1140 889 1303 958 collatoris
1324 890 1363 955 si-

233 997 333 1066 lentio
356 1004 484 1066 tantum
507 1003 663 1086 constat):

318 1118 361 1186 nd
398 1145 482 1192 nnnc
509 1127 673 1194 Parisinus
702 1128 808 1212 suppl.
837 1147 885 1212 gr.
908 1129 989 1208 388,
1018 1127 1209 1195 aBekkerc
1231 1147 1303 1195 cum
1324 1149 1364 1196 ex

236 1237 335 1304 Italia
357 1237 523 1322 superiore
536 1237 676 1304 Parisios
695 1237 856 1304 adductus
871 1259 941 1305 esse
955 1239 1096 1306 creditus
1111 1220 1158 1305 sit¹
1175 1227 1365 1308 Mutinensis

234 1347 425 1434 appellatus,
448 1367 470 1414 a
490 1347 631 1414 secunda
645 1347 754 1433 aliqua
774 1369 871 1415 manu
895 1349 987 1434 (Μῖ)
1010 1349 1152 1419 eiusdem
1174 1354 1211 1416 ut
1231 1351 1360 1417 vidstm

236 1479 275 1526 ac
299 1458 452 1525 librarius
475 1458 601 1538 aetatis,
624 1457 815 1543 aliquotiens
836 1463 1012 1539 correctus,
1035 1459 1154 1526 saeculi
1180 1464 1218 1525 ut
1239 1460 1365 1528 ridetur

235 1570 363 1648 decimi,
396 1568 452 1651 qui
481 1573 610 1653 praeter
637 1568 905 1648 Homerocentra,
934 1569 1121 1653 Dionysium
1148 1569 1359 1653 Periegetam,

235 1679 459 1764 Theognidcm,
477 1677 568 1758 alios,
584 1678 767 1745 Oolluthum
782 1700 909 1764 quoque
924 1679 1076 1747 continet.
1101 1680 1201 1748 Liber
1222 1681 1364 1748 omnium

235 1790 540 1878 praestantissimus,
564 1790 620 1875 qui
641 1811 755 1859 norem
776 1811 886 1860 versus
906 1791 1092 1858 incaeteris
1114 1791 1275 1858 codicibus
1298 1813 1364 1858 om-

233 1903 327 1970 nibns
350 1904 487 1970 omissos
509 1903 595 1970 solus
617 1903 725 1983 habet,
750 1907 784 1969 st
805 1903 856 1969 oui
877 1903 1031 1970 maiorem
1053 1903 1151 1968 etiam
1173 1921 1269 1987 quam
1290 1901 1363 1968 reli-

233 2015 288 2100 qni
310 2018 386 2082 ante
406 2035 458 2080 me
479 2014 582 2080 critici
597 2014 823 2081 auctoritatem
844 2011 953 2079 tribui.
990 2011 1118 2078 Primus
1133 2033 1206 2078 eum
1228 2011 1364 2078 contulit

232 2123 361 2192 Bekker
390 2124 681 2209 neglegentissime,
715 2131 783 2190 tum
814 2124 916 2192 multo
945 2125 1126 2210 diligentiam
1156 2130 1189 2191 et
1218 2123 1361 2190 maxima

237 2255 309 2304 cum
332 2236 476 2302 utilitate
497 2233 635 2315 Pressel,
657 2236 747 2301 ouius
763 2235 890 2303 collatio
911 2236 1031 2321 publici
1051 2235 1128 2302 iuris
1150 2237 1238 2302 facta
1260 2233 1363 2301 estin

231 2346 398 2431 Philologo
427 2346 505 2430 Vp.
524 2345 715 2412 169-170.
760 2348 841 2412 Tum
872 2345 984 2412 Edwin
1005 2345 1117 2429 Patzig
1144 2345 1286 2412 codicem
1315 2342 1360 2410 in·

232 2458 374 2542 spexisse
404 2457 523 2523 dicitur
551 2475 573 2521 a
600 2455 775 2522 Tournerio
800 2476 833 2540 p.
848 2457 879 2523 8.
908 2457 997 2523 ouius
1018 2455 1147 2522 collatio
1173 2475 1216 2521 an
1245 2453 1364 2520 alicubi

233 2568 322 2634 edita
344 2568 396 2648 sit,
418 2567 536 2633 nescio.
581 2566 738 2632 Teurnier
759 2567 829 2650 ipse
849 2565 949 2632 totius
969 2566 1087 2634 codicis
1101 2565 1306 2632 collationem
1327 2584 1363 2630 se

233 2678 394 2744 editurum
417 2697 488 2746 esse
502 2677 621 2744 ibidem
636 2677 795 2762 promisit,
818 2695 922 2761 neque
942 2684 1053 2744 tamen
1074 2675 1238 2760 promissis
1262 2674 1362 2753 stetit,

233 2799 308 2846 nam
337 2781 369 2845 in
398 2780 507 2846 libello
530 2800 630 2864 supra
651 2783 900 2847 commemorato
922 2778 965 2844 ad
987 2800 1042 2846 eos
1063 2783 1190 2844 tantum
1213 2784 1363 2850 carminis

234 2891 322 2956 locos
350 2889 468 2956 codicis
495 2889 744 2972 discrepantiam
771 2889 960 2972 adscripsit,
990 2907 1071 2972 quos
1092 2891 1281 2961 tractandos
1302 2893 1365 2960 sibi

234 3005 426 3085 sumpserat.
470 3000 560 3066 Haeo
587 2999 717 3067 collatio
744 2998 844 3068 multo
874 3019 972 3083 quam
998 3006 1146 3067 caeterae
1167 3007 1244 3068 ante
1265 3003 1364 3069 Tour-

234 3111 357 3176 norium
379 3111 553 3178 correctior
567 3115 626 3191 est,
648 3131 748 3195 eoque
766 3110 923 3194 imprimis
937 3111 1065 3176 nomine
1078 3110 1251 3193 laudanda,
1276 3111 1363 3195 quod

233 3222 267 3286 in
289 3241 329 3286 ea
350 3221 491 3306 primum
513 3220 704 3288 adnotatum
725 3221 883 3286 invenitur
903 3219 937 3285 in
956 3220 990 3284 M
1003 3221 1174 3287 nonnullos
1196 3243 1307 3288 versus
1329 3223 1363 3288 in

234 3331 371 3398 aliorum
392 3351 540 3399 versuum
569 3337 605 3397 ut
630 3331 757 3398 ridetur
777 3349 893 3398 rasura
914 3331 956 3397 ab
978 3329 1045 3396 alia
1066 3331 1124 3397 sed
1145 3332 1271 3413 primae
1292 3351 1361 3398 ma·

234 3441 290 3506 nui
311 3461 430 3508 coaeva
445 3460 543 3507 manu
566 3441 656 3526 (mihi
671 3440 705 3506 M
721 3442 753 3526 3)
771 3445 920 3508 exaratos
942 3461 1021 3507 esse.
1055 3439 1191 3518 Quintus
1214 3461 1272 3527 ego
1293 3441 1362 3526 ipse

236 3549 511 3634 diligentissimam
539 3551 633 3618 huius
654 3550 773 3617 codicia
795 3549 997 3616 collationem
1020 3549 1155 3632 confeci,
1178 3571 1275 3636 quam
1296 3548 1365 3616 ubi·

115 3679 121 3691 ¹
238 3680 362 3745 nmque
383 3680 404 3725 a
425 3661 591 3728 Tournerii
612 3659 782 3727 collatione
804 3658 1041 3744 discrepantem
1061 3661 1201 3746 repperi,
1222 3651 1365 3728 codicem

236 3767 355 3837 iterum
384 3791 446 3854 pro
472 3791 524 3837 mo
545 3771 686 3855 inspexit
712 3771 760 3836 vir
781 3770 982 3837 doctissimus
1004 3775 1038 3836 et
1059 3790 1137 3854 erga
1157 3789 1209 3837 me
1231 3769 1365 3836 benero-

235 3880 431 3947 lentissimus
452 3882 609 3948 Hsnrious
632 3882 759 3947 Omont.

321 3991 451 4076 Reliqui
479 3991 603 4060 codices
630 4012 713 4075 quos
734 3992 767 4056 in
790 3989 876 4058 notis
897 4007 994 4074 saepe
1017 3990 1211 4058 deterionrm
1232 3987 1366 4056 nomine

237 4104 422 4190 complexus
444 4125 516 4170 sum
537 4104 681 4171 bisunt:
