3078 4654
604 314 815 377 „81-

145 495 232 556 facile
250 498 372 566 convelli
387 497 481 556 debet.
504 497 643 558 Similiter
655 499 784 570 pendens
798 500 982 575 participium
995 502 1134 561 hebemus
1148 505 1267 564 03510

147 591 267 663 Lennep
288 591 342 649 hec
363 591 525 664 suspicione
546 591 668 665 probate
682 599 748 664 post
768 592 867 649 ἀνεῖσα
887 594 1049 653 huiusmodi
1069 611 1182 654 versum
1202 613 1267 670 per·

144 685 215 742 iisse
235 684 372 743 eredidit:
404 681 551 740 Παντοίων
572 681 684 758 ἀνέμων
707 681 784 760 μέγα
805 684 881 758 κῦμα
901 682 1015 743 κύλινδε
1041 684 1161 760 θύελλα,
1185 703 1269 760 quem

146 793 261 836 versum
282 778 386 836 vitiose
406 792 528 834 caesura
547 777 681 835 laborare
701 777 774 834 vidit
795 776 926 836 Gracfius
947 796 975 851 p.
991 786 1055 839 250.
1098 782 1199 854 101100,
1220 785 1269 854 001

144 871 259 943 etipse
284 886 347 928 curn
373 869 509 928 Beklrero
530 887 644 929 versum
664 870 766 928 deesse
790 871 927 943 putabat,
953 869 971 949 ἠ
993 870 1017 926 δ’
1042 869 1101 946 ἄρα
1125 890 1181 934 000
1205 891 1270 933 cum

143 964 290 1036 prioribus
311 964 519 1036 interpretibus
540 963 577 1023 ad
598 961 711 1037 ἑλίκων,
733 963 843 1022 0οἀαά
864 961 1001 1022 θάλασσα
1021 969 1148 1042 rettulit,
1174 976 1204 1028 et
1223 967 1269 1026 ἀπ’

143 1054 233 1136 ἠέρος
252 1054 361 1133 ὄμβρον
382 1056 483 1114 ἀνεῖσα
507 1057 578 1114 nihil
604 1057 682 1115 aliud
704 1056 866 1130 significare
887 1059 1024 1132 credidit,
1053 1075 1137 1131 quem
1164 1077 1268 1134 equam

144 1147 278 1229 (ὄμβρον)
300 1153 387 1210 maris
409 1151 446 1210 ed
467 1153 578 1210 caelum
598 1169 688 1224 usqne
710 1155 852 1226 surgentis
874 1155 968 1214 denuo
991 1171 1026 1212 ex
1045 1156 1198 1214 altitudine
1218 1155 1268 1214 de·

143 1245 261 1304 cidisse.
288 1246 386 1304 Etiam
400 1244 531 1304 Gracfins
552 1264 580 1318 p.
596 1253 651 1306 249
671 1263 840 1320 persuasum
854 1249 956 1308 habuit
977 1266 1108 1308 »versum
1124 1250 1267 1309 excidisse

144 1340 231 1398 nullis
252 1341 375 1413 argutiis
396 1340 515 1412 negaris
537 1355 631 1412 posse.
674 1341 757 1399 »Etsi
782 1343 859 1400 enim
882 1344 1009 1416 physicis
1033 1343 1195 1402 rationibus
1216 1343 1265 1402 de-

143 1435 299 1492 monstrari
310 1439 408 1507 potest
419 1431 554 1490 θάλασσα
574 1431 620 1490 ἀπ’
632 1431 720 1510 ἠέρος
732 1431 840 1510 ὄμβρον
856 1435 930 1492 ίεῖσα
946 1435 996 1493 cfr.
1010 1437 1103 1495 Noun.
1117 1436 1146 1494 11
1159 1443 1216 1494 490
1228 1453 1265 1495 ss.

142 1527 186 1584 nti
207 1524 297 1604 ἀήτας
317 1523 448 1591 ὠκεανὸς
468 1525 573 1601 ἀνίήσιν
595 1524 697 1598 odyss.
711 1525 729 1582 δ
743 1535 808 1601 068,
830 1535 860 1586 01
880 1529 1046 1600 extorqueri
1065 1527 1190 1587 fortasse
1212 1529 1266 1585 λα-

139 1617 227 1695 βρύν
247 1621 293 1678 vel
312 1616 437 1695 πικρὸν
458 1615 558 1695 ἀμιχθ.
580 1614 626 1673 ἀπ’
648 1613 734 1695 ἠέρος
750 1615 858 1696 ὄμβρον
880 1619 961 1689 ἱεῖσα,
983 1619 1114 1692 adeoque
1129 1617 1267 1678 θάλασσα

141 1729 168 1769 v.
190 1719 245 1770 202
265 1712 370 1769 mutari
394 1706 563 1781 1000ολ10
589 1725 673 1768 0000
698 1717 796 1770 tamen
821 1713 961 1771 eiusmodi
982 1712 1133 1772 artificium
1155 1714 1190 1772 ab
1211 1714 1266 1774 hoc

142 1804 259 1876 quidem
279 1805 343 1864 loco
363 1805 487 1863 alienum
507 1803 636 1875 videtur,
662 1806 835 1876 praesertim
860 1823 925 1864 cum
945 1813 1065 1880 propter
1085 1809 1263 1881 praecedens

141 1915 168 1954 v.
191 1903 247 1955 202
264 1895 331 1972 μέν,
356 1896 427 1954 111οἀ
447 1893 465 1972 ἠ
485 1893 509 1950 δ’
530 1891 589 1970 ἀρα
609 1901 707 1968 eptam
732 1899 942 1970 oppositionem
954 1901 1097 1972 incipere
1122 1901 1264 1960 videatur.

141 1990 281 2062 Suspicor
299 1991 410 2062 itaque,
437 1994 558 2062 propter
582 1990 675 2048 simile
701 1989 824 2050 fortasse
849 1993 962 2050 initium
987 1994 1130 2052 excidisse
1150 2012 1264 2053 versum

141 2083 319 2141 huiusmodi:

296 2219 312 2297 ἠ
334 2220 358 2276 d’
379 2217 435 2298 ἄρ’,
456 2220 686 2300 ἀμιχθαλόεντος
706 2221 751 2277 ἀπ’
773 2221 860 2300 ἠέρος
880 2220 987 2302 ὄμβρον
1010 2225 1092 2298 ἱεῖσα,

294 2310 384 2392 ἠμαρ
404 2313 531 2393 ὁμίχλῃ
553 2313 682 2380 νυκτὸς
702 2313 908 2394 ἀπέκρυψεν
926 2317 1034 2394 μέσον
1049 2315 1136 2396 Ἥρη.

140 2461 177 2520 cf.
192 2463 284 2534 Heyn.
306 2462 343 2520 ad
357 2463 389 2519 Il.
411 2481 436 2516 ω
456 2464 520 2531 753,
540 2461 586 2518 vel
605 2456 681 2538 ἦμαρ
704 2461 894 2540 ἀκήχεμένοις
914 2463 960 2534 (ef.
982 2482 1007 2522 v.
1026 2471 1093 2538 290)
1109 2463 1178 2544 Ἥρη
1197 2465 1263 2524 πάλι

140 2552 273 2633 κρύβατο
294 2551 419 2626 ναύταις,
441 2560 471 2611 01
490 2553 630 2625 quidquid
643 2552 698 2612 hac
711 2556 757 2612 via
771 2557 930 2627 excogitari
943 2563 1048 2629 potest.
1081 2559 1167 2618 Gerte
1181 2561 1261 2633 luno,

140 2646 259 2725 ὄμβρων
269 2645 370 2724 μήτήρ,
393 2645 480 2720 Orph.
494 2646 588 2717 hymn.
603 2646 672 2704 XVI
685 2653 711 2704 4.
725 2646 860 2719 habebat,
881 2665 932 2706 cnr
944 2650 1044 2707 Paridi
1060 2652 1260 2712 irasceretur«

139 2744 288 2801 Hermann
308 2760 337 2815 p.
354 2748 397 2810 18,
420 2739 572 2798 aLebrsio
592 2744 708 2797 secutus
730 2746 759 2797 et
779 2740 986 2801 aSebneidero
1003 2744 1112 2802 meritis
1126 2745 1261 2804 laudibus
1292 2751 1294 2754 ’

137 2854 167 2908 p.
189 2842 245 2894 440
272 2835 365 2892 elatus
391 2851 416 2891 v.
441 2840 495 2891 208
521 2831 551 2888 id
578 2831 654 2902 quod
681 2833 769 2890 ctiam
789 2832 904 2892 Greefio
929 2836 959 2892 in
984 2842 1108 2895 mentem
1135 2845 1261 2907 venerat,

138 2926 246 2986 θύελλα
268 2945 323 3002 pro
343 2927 493 2998 θάλασσα,
520 2943 545 2983 v.
568 2933 624 2985 210
644 2922 729 3002 εἶθαρ
749 2942 802 2999 pro
820 2924 839 3003 ἠ
859 2925 882 2982 d’
903 2925 961 3005 ἄρα
981 2935 1011 2987 01
1038 2949 1063 2988 v.
1085 2938 1140 2990 212
1161 2932 1186 2989 δ’
1208 2927 1262 2990 ύπο

137 3040 192 3096 pro
208 3020 244 3079 δέ
257 3042 289 3078 τε
303 3021 420 3094 scripsit
437 3019 519 3078 simul
540 3019 661 3077 lacunae
676 3024 743 3076 ante
763 3037 788 3077 v.
803 3028 858 3079 211
881 3024 1072 3095 suspicionem
1086 3026 1261 3099 improbans,

139 3120 257 3174 »manet
278 3117 366 3186 enim,
387 3120 420 3172 ut
440 3114 645 3182 0110100000,
666 3112 773 3184 duplex
793 3117 982 3185 perversitas,
1008 3134 1066 3175 nne
1085 3120 1115 3176 iu
1134 3136 1168 3177 rc
1187 3121 1260 3192 ipse,

137 3210 216 3282 quod
243 3225 324 3266 mare
350 3222 503 3280 assurgere
529 3205 649 3273 dicitnr,
683 3213 712 3262 et
737 3207 848 3264 caelum
874 3211 958 3267 tortis
985 3211 1108 3269 nubibus
1134 3214 1260 3284 cingere,

137 3304 232 3363 altera
256 3304 286 3359 in
312 3301 494 3374 oppositione
520 3313 573 3370 per
597 3297 756 3369 particulas
774 3296 829 3373 μὲν
849 3305 879 3358 01
899 3299 933 3358 δὲ
952 3302 1094 3376 indicate,
1120 3320 1194 3375 quae
1215 3304 1263 3360 hic

136 3397 206 3454 telis
228 3401 314 3466 esset,
335 3399 367 3452 ut
387 3393 462 3450 idem
484 3392 539 3450 sibi
559 3392 653 3463 ipsum
673 3398 893 3464 opponeretur«
921 3393 946 3451 δ’
969 3391 1023 3453 ύπο
1043 3404 1139 3456 antem
1160 3415 1185 3456 v.
1205 3405 1261 3456 212

137 3489 256 3562 scripsit
271 3487 365 3559 »qnod
382 3484 530 3556 coluthus,
551 3484 575 3541 si
589 3483 674 3540 scivit
693 3483 763 3554 qnid
783 3484 959 3557 significaret
980 3487 1015 3546 δέ
1027 3508 1068 3562 τε,
1088 3507 1145 3549 000
1165 3491 1262 3563 001011

135 3583 167 3641 id
188 3581 343 3640 scribere«
374 3579 415 3638 Et
435 3577 560 3636 caeteris
575 3591 688 3648 quoque
708 3577 788 3649 locis,
810 3579 858 3636 ubi
878 3582 946 3640 clim
961 3583 1123 3656 legebatur,
1144 3603 1177 3642 τε
1196 3601 1263 3658 par·

135 3676 243 3735 ticnlac
264 3689 333 3730 usus
349 3672 483 3731 collutho
503 3669 712 3728 abiudioendus
735 3677 807 3729 eret.
830 3705 861 3713 -
885 3691 911 3731 ν.
928 3673 989 3734 210
1011 3673 1140 3754 ἐκλύσθη
1160 3685 1262 3737 contra

134 3767 314 3836 3001100010,
336 3768 516 3837 Anonymnm
542 3768 571 3821 01
591 3761 758 3822 Neandrum
779 3764 820 3835 (iu
839 3773 943 3840 marg.)
965 3771 1014 3841 qui
1034 3770 1064 3827 id
1084 3770 1261 3850 1οἠχλύνθή

135 3868 249 3921 mutare
269 3863 429 3931 voluerunt,
453 3864 534 3916 recte
554 3854 747 3913 defenderunt
766 3856 959 3935 Dauoqueius,
980 3863 1091 3922 Ubelus
1113 3865 1260 3924 0111000-

134 3956 200 4025 ken,
221 3955 269 4012 hic
287 3953 402 4025 quidem
417 3951 523 4009 collato
539 3948 643 4019 Quinto
658 3945 817 4017 Smyrnaeo
837 3949 906 4008 XIV
921 3961 977 4012 034
995 3951 1136 4034 Ἐκλύσθή
1157 3955 1181 4012 δ’
1201 3953 1260 4032 dou

136 4049 216 4106 πᾶσα
227 4045 400 4125 περίδρομος
409 4041 573 4120 Ἀμφιτρίτη.
581 4049 620 4080 ’-
633 4038 705 4096 Tum
717 4036 925 4116 ἀρασσομένων
934 4047 1067 4122 πετράων
1077 4066 1130 4123 pro
1140 4047 1260 4124 ἐρεσσο-

185 4143 210 4182 Ε.
225 4141 296 4182 Abel
301 4167 309 4188 ,
328 4139 450 4181 Colluthus.
1039 4143 1056 4193 6
