3078 4654
734 352 944 412 ..74-

282 538 406 608 videtur,
426 537 494 608 quin
514 537 556 594 ita
576 535 737 594 sententiaa
758 536 945 594 cohaereant:
973 532 1019 590 οἶα
1039 532 1175 606 κυδιάεις,
1196 532 1240 592 δτι
1260 554 1296 592 σε
1316 532 1417 610 γάμος

282 627 337 686 οὐκ
362 623 507 704 ἔσπειρεν,
533 634 565 686 ut
589 628 701 701 patebit
727 626 884 686 conferenti
905 627 998 686 Nouoi
1025 628 1132 698 locum,
1159 629 1209 699 qui
1234 627 1413 687 obversatus

282 722 409 781 Colluthi
423 721 518 781 animo
531 722 646 780 videtur
658 721 776 793 Dionys.
791 727 818 792 8,
833 727 871 778 84
892 716 975 790 εἶξον,
993 715 1099 796 licum,
1122 718 1190 797 λῆγε
1204 718 1273 785 Διὸς
1283 719 1414 794 βοόωσα

285 812 407 893 λεγώιυν
420 811 527 892 άντυγα
542 813 653 892 κάρσης
666 813 745 871 κ.τ.λ.
761 857 767 870 .
783 855 790 872 .
806 861 812 872 .
830 855 836 869 .
857 814 914 871 iam
929 819 1087 884 sequuntur
1099 813 1181 884 haec,
1202 830 1228 870 v.
1245 821 1335 872 184-
1346 819 1412 872 189.
1517 875 1521 900 X

281 923 359 980 quae
379 925 465 980 quum
486 916 516 967 et
535 911 599 982 ipsa
620 908 656 966 ab
676 905 723 964 οἷα
742 903 777 963 δέ
796 906 943 979 incipiant,
964 906 1009 964 vel
1030 904 1084 963 hac
1097 923 1150 964 sua
1169 904 1262 964 forma
1281 907 1414 979 produnt

281 1006 397 1074 poetam
418 1002 568 1060 affectasse
589 1003 713 1073 aliquam
733 1001 817 1058 huius
837 1000 892 1058 loci
914 1016 977 1058 cum
998 998 1180 1057 antecedenti
1200 1001 1231 1056 in
1255 999 1412 1058 nectendis

283 1095 434 1153 sententiis
455 1094 678 1153 similitudinem.
709 1094 831 1166 primum
853 1094 941 1165 igitur
961 1093 1058 1150 Venus
1085 1093 1232 1164 singulare
1251 1093 1409 1151 Minervae

284 1188 411 1247 studium
432 1189 560 1258 denotat,
581 1205 637 1260 quo
657 1189 695 1246 ad
715 1187 821 1245 bellum
841 1187 988 1244 incumbat
1007 1187 1043 1244 ab
1065 1201 1162 1244 amore
1176 1186 1282 1243 abana.
1314 1201 1413 1257 neque

285 1283 359 1340 anim
381 1299 478 1340 verum
499 1287 544 1339 est
564 1280 640 1353 quod
660 1281 841 1339 Hermanuus
858 1281 944 1351 dicit,
970 1281 1013 1337 ita
1032 1280 1105 1337 haec
1128 1279 1320 1351 intelligenda
1342 1295 1411 1338 esse

284 1391 319 1433 ac
334 1376 359 1432 si
372 1375 495 1434 dixisset
508 1375 671 1434 Colluthus:
698 1372 745 1430 οἷα
764 1371 798 1430 δὲ
813 1371 947 1445 κυδιάεις,
968 1370 1011 1428 ὅτι
1022 1371 1146 1450 χαλκοῖς
1160 1369 1258 1436 ὅπλοις
1272 1369 1412 1449 καλύπτρ,

280 1484 337 1539 quo
358 1483 494 1527 concesso
515 1482 585 1524 saue
605 1466 682 1524 haud
697 1473 765 1539 apte
779 1464 972 1523 adnectuntur
985 1465 1048 1524 illa:
1075 1463 1123 1520 καλ
1136 1460 1254 1540 φεύγεις
1268 1464 1413 1541 φιλότητα

281 1559 329 1616 καὶ
342 1554 443 1634 Ἀρεος
463 1555 534 1636 ἔργα
548 1557 673 1623 διώκεις.
703 1561 788 1618 immo
802 1559 857 1618 hoo
871 1559 964 1631 ipsum
978 1558 1049 1617 illud
1064 1565 1117 1627 est,
1139 1558 1216 1630 quod
1230 1559 1259 1615 in
1274 1559 1411 1618 Minerva

282 1654 405 1710 miratur
424 1653 535 1723 Venus,
561 1652 662 1724 fugere
689 1669 751 1710 eam
776 1668 903 1712 amorem
928 1659 957 1710 et
983 1652 1061 1710 bella
1086 1652 1231 1709 affectare.
1273 1653 1333 1709 iam
1354 1653 1412 1710 boc

282 1760 397 1817 quoque
418 1744 568 1802 Minervae
588 1745 713 1803 studium
734 1745 831 1803 Venus
852 1746 1003 1818 reprobat,
1031 1751 1063 1802 ut
1082 1748 1110 1802 in
1132 1746 1219 1802 simili
1244 1761 1276 1803 re
1297 1743 1412 1803 iecerat

280 1845 387 1910 v.181,
408 1839 457 1896 ubi
478 1855 563 1910 quum
584 1839 768 1896 adversativa
787 1840 930 1911 particula
951 1855 1003 1896 usa
1018 1846 1103 1910 esset,
1125 1838 1246 1896 candem
1261 1845 1346 1910 patet
1359 1839 1410 1896 hic

282 1949 397 2005 quoque
417 1935 527 2004 requiri
548 1933 786 2005 scribendumque
807 1949 870 1991 esse
891 1951 916 1990 v.
933 1940 987 1992 186
1008 1930 1169 2008 ἀγνώσσεις
1189 1929 1217 1986 δ’
1236 1930 1281 1988 δτι
1299 1931 1410 2006 μᾶλλον

284 2026 365 2083 κτλ.
380 2028 422 2084 ite
436 2028 528 2099 quivis
544 2029 650 2085 sentiet
664 2033 753 2084 totum
767 2027 841 2084 hanc
855 2026 975 2083 Veneris
990 2027 1148 2084 orationem
1164 2027 1235 2083 satis
1250 2024 1410 2085 artificiose

282 2136 346 2178 esse
361 2137 379 2178 a
393 2127 481 2192 poeta
496 2125 680 2190 exstructam,
701 2135 775 2190 quae
788 2118 896 2190 peribit
909 2135 966 2188 ars,
986 2119 1112 2176 obicum
1127 2119 1292 2177 Hermanno
1307 2136 1332 2176 v.
1351 2127 1405 2178 183

281 2219 350 2270 autc
365 2231 390 2270 v.
408 2215 461 2271 179
477 2201 582 2270 collato
597 2212 810 2283 scripserimus:
832 2209 877 2268 οἶα
892 2209 935 2283 δὲ,
953 2211 1115 2289 χαλκείοισι
1130 2210 1315 2289 καλυψαμένη
1327 2211 1408 2289 χρόα

282 2302 405 2376 πέπλοις,
427 2301 473 2360 οἷα
493 2301 527 2360 σὺ
548 2301 674 2368 κυδιάεις
695 2301 861 2379 ἀνεμώλιος,
878 2298 1060 2382 Ἀτρυτώνης.
1080 2339 1111 2346 -—
1132 2302 1179 2362 υἷα
1199 2313 1266 2364 ante
1286 2323 1359 2366 corr.
1376 2306 1407 2379 O,
1523 2367 1524 2370 ,

282 2398 330 2468 qui
345 2413 398 2454 om.
415 2416 455 2453 τε.
487 2397 630 2456 Sicorim
651 2416 704 2471 pro
718 2399 887 2458 Schneideri
908 2399 944 2457 δέ
961 2401 1043 2458 codd.
1067 2407 1096 2459 et
1117 2401 1182 2459 edd.
1204 2418 1302 2460 omnes
1322 2419 1408 2474 prae·

280 2498 328 2549 ter
347 2490 463 2563 Labra,
489 2493 539 2563 qui
559 2508 594 2549 ex
614 2493 771 2550 Hermauni
791 2495 936 2552 sententia
956 2491 991 2550 σὺ
1011 2495 1128 2567 scripsit
1167 2493 1334 2572 nodeduamc
1353 2512 1409 2568 pro
1523 2511 1524 2514 ’

283 2581 411 2647 κυδιάεις
430 2583 519 2641 habet
540 2584 600 2658 SV,
627 2583 753 2643 κυδιάνει
772 2585 848 2657 PW,
875 2584 985 2642 κυδιάει
1010 2603 1073 2644 cum
1100 2587 1165 2645 edd.
1187 2589 1317 2646 omnibus
1340 2595 1411 2646 ante

280 2678 460 2750 Lenuepium
476 2679 515 2749 G3
537 2678 664 2744 κυδιάεις
684 2695 720 2738 ex
740 2681 906 2739 coniectura
927 2687 957 2738 et
971 2681 1118 2738 codicibus
1132 2683 1261 2739 restituit
1274 2682 1406 2755 Lenuep.

283 2804 316 2812 -
337 2770 392 2830 181
409 2769 550 2846 peccaro
565 2773 604 2843 Ως
619 2804 656 2814 -
677 2771 736 2831 182
756 2772 867 2851 σιδηρίιγ
881 2773 1166 2846 MAGLNPQSW
1188 2776 1282 2845 (codd.
1300 2792 1409 2848 omnes

282 2870 314 2920 ut
335 2865 406 2934 vid.)
426 2865 492 2920 Ald.
512 2863 596 2922 Ubel.
611 2868 665 2935 ot3
692 2882 765 2924 corr.
787 2867 887 2939 Steph.
909 2901 943 2908 -—
967 2865 1035 2944 ῥίζα
1056 2867 1137 2928 codd.
1161 2875 1190 2926 et
1210 2868 1276 2926 edd.
1298 2886 1409 2938 omnes,

283 2956 312 3014 in
328 2972 384 3026 quo
402 2956 521 3014 offendit
534 2958 590 3013 iam
606 2957 737 3015 Graefius
755 2976 782 3030 p.
799 2963 868 3018 247:
892 2960 1036 3038 νσιδιγρείιγ
1056 2959 1127 3038 τομή
1148 2961 1217 3033 quid
1237 2963 1284 3020 bic
1305 2965 1351 3033 sit,
1373 2981 1410 3023 ex

281 3049 412 3107 Luciano
434 3057 545 3120 notum;
574 3047 642 3126 ῥίζα
662 3048 781 3126 σιδήρου
802 3053 869 3122 quid
890 3053 945 3111 sibi
973 3055 1054 3125 velit,
1080 3055 1137 3111 nisi
1161 3054 1222 3113 fere
1248 3055 1325 3114 idem
1353 3065 1409 3128 est,
1523 3043 1524 3056 ¹

281 3159 338 3201 non
360 3142 452 3201 video.
493 3143 566 3199 Nam
584 3141 652 3219 ῥίζα
671 3140 787 3221 σιδήρου
809 3152 854 3203 est
879 3145 1010 3222 σίδηρος,
1037 3148 1086 3219 qui
1106 3148 1219 3206 Palladi
1241 3146 1310 3224 ῥίζα
1336 3157 1410 3223 erat,

283 3235 359 3294 unde
390 3235 604 3308 propullulavit.
650 3237 681 3295 Si
707 3239 899 3310 argutandum
924 3239 942 3296 f.
970 3241 1086 3313 chalybs
1119 3243 1160 3300 sic
1193 3243 1249 3300 dici
1281 3249 1407 3315 poterat

280 3331 423 3388 Fortasse
450 3330 579 3402 captarit
603 3331 727 3402 aliquam
754 3333 975 3391 concinnitatem
1002 3351 1065 3392 cum
1086 3353 1111 3392 v.
1134 3343 1226 3394 antec.
1254 3342 1284 3393 et
1310 3343 1342 3395 ut
1366 3337 1409 3395 ibi

283 3441 421 3496 expressa
442 3432 486 3482 est
505 3425 584 3482 notio
604 3427 696 3497 patris
718 3431 748 3483 et
768 3427 882 3498 matris,
911 3429 952 3486 ita
972 3429 1019 3486 bic
1044 3429 1100 3488 duo
1126 3432 1237 3502 posuit,
1263 3429 1301 3488 ad
1330 3430 1407 3489 idem

284 3517 426 3575 alludens.
457 3516 623 3576 Infeliciter.
654 3521 728 3578 Nam
749 3521 799 3578 illa
820 3525 866 3578 est
885 3520 1012 3598 ἀμήτωρ,
1034 3522 1142 3583 aferro
1162 3524 1192 3584 in
1210 3525 1302 3582 lucem
1318 3525 1407 3583 edita.

282 3609 521 3668 Emendationem
541 3611 621 3668 locus
647 3611 762 3669 videtur
787 3628 955 3685 respuere«.
995 3616 1201 3688 Nihilominus,
1227 3617 1275 3689 qui
1296 3617 1406 3676 Graefii

281 3704 548 3773 interpretationem
568 3721 670 3776 parum
691 3722 747 3776 quo
768 3707 884 3779 placeat
903 3707 1011 3765 habere
1025 3715 1104 3767 recte
1119 3710 1266 3782 iudicavit,
1288 3711 1407 3770 Schnei-

281 3797 334 3854 der
355 3812 451 3854 vocem
469 3795 537 3873 ῥίζα
558 3804 723 3871 corruptam
744 3815 808 3857 esse
829 3799 901 3857 vidit
920 3817 948 3872 p.
964 3809 1029 3860 438.
1052 3809 1121 3862 439:
1145 3805 1225 3874 »quis
1246 3805 1321 3862 euim
1339 3810 1408 3878 post

283 3885 427 3965 σιδηρείγν
448 3887 533 3966 τομήν
554 3908 610 3949 non
631 3898 765 3965 expectet
777 3893 873 3964 potius
889 3892 1007 3965 aliquid,
1029 3895 1104 3967 quod
1120 3911 1184 3954 cum
1198 3896 1247 3955 illo
1261 3897 1407 3969 quandam

280 3982 391 4042 habeat
412 3981 627 4042 similitudinem
648 3991 678 4042 et
697 3985 791 4056 ipsum
812 3982 976 4056 significans
998 3988 1123 4062 aliquam
1137 3989 1297 4063 Hephaesti
1316 3989 1408 4050 ferra·

283 4081 378 4136 mento
400 4077 507 4136 utentis
528 4080 666 4150 operam?
697 4080 774 4151 quod
795 4080 820 4137 si
841 4079 904 4151 quis
924 4081 966 4138 ita
986 4082 1147 4142 instituisse
1168 4083 1331 4143 Oolluthum
1350 4103 1409 4157 pu·
1523 4157 1524 4160 Ἴ
