3092 4662
711 360 922 424 ,36-

256 531 473 592 mordebatur«
495 531 591 603 vertit,
608 527 739 590 Graefius
757 546 786 602 p.
798 535 853 588 243
873 532 940 602 post
953 545 978 586 v.
991 535 1027 588 24
1044 544 1093 588 eos
1111 526 1294 588 collocandos
1308 543 1376 586 esse

256 625 328 684 dixit
347 625 389 684 sie
409 625 532 700 scriptos
552 623 589 683 de
608 623 722 682 intonsa
737 620 879 696 Apollinis
899 635 996 680 coma:
1015 618 1155 698 χρασείης
1174 616 1202 676 δ’
1226 614 1375 695 ἑκάτερθε

255 715 459 796 τινασσομένης
477 714 654 792 πλοκαμῖδας
673 713 786 792 Βύτρος
812 712 1015 790 ἀκερσεκόμης
1034 710 1159 790 Ζεφύρῳ
1185 711 1373 789 morbose»

252 809 365 888 χαίτης.
406 796 507 881 Quam
521 808 714 868 coniecturam
738 823 796 866 non
819 807 931 880 recapit
955 805 1062 878 Lehrs,
1088 806 1158 865 licet
1176 807 1226 878 qui
1250 805 1372 864 eandem

192 904 204 916 “
255 903 509 976 transpositionem
532 903 682 960 invenerat
701 899 849 958 Hermann
866 917 895 972 p.
912 906 962 968 10,
987 899 1204 972 perelegantem
1225 913 1287 956 eam
1308 913 1374 956 essa

254 995 432 1055 iudicaverit.
472 994 579 1055 Lenius
599 993 757 1054 Schneider
780 1010 808 1067 p.
823 999 888 1052 422.
910 999 966 1052 423
996 991 1118 1050 laudato
1147 991 1372 1065 transpositione

253 1089 325 1148 nihil
344 1089 400 1147 nisi
419 1086 625 1163 τινασσόμενος
647 1088 677 1146 in
702 1084 904 1160 τινασσομένων
928 1087 1050 1145 mutavit
1077 1085 1143 1145 »ubi
1169 1081 1373 1160 τινοσοομένοα

255 1181 397 1255 significat
419 1181 651 1255 properantis
679 1179 767 1252 [quod
792 1178 854 1238 fieri
878 1195 964 1253 posse
988 1179 1036 1237 vix
1060 1177 1160 1252 oredo]
1187 1178 1233 1236 oni
1257 1176 1372 1235 dativus

253 1294 284 1352 χ.
309 1273 480 1352 πλοκάμοισι
510 1275 611 1334 eadem
634 1275 747 1334 ratione
778 1279 823 1333 est
852 1273 968 1331 additus
999 1277 1086 1343 atque
1114 1271 1176 1329 eius
1201 1269 1278 1329 modi
1301 1270 1372 1356 locis

255 1370 353 1440 onmes
383 1377 451 1429 suut
479 1369 562 1429 Hom.
587 1368 668 1428 ll.11
690 1375 744 1427 148
776 1363 850 1443 λη’ὶον
876 1399 910 1407 -
934 1363 984 1422 ἐπί
1009 1359 1034 1420 τ’
1068 1361 1149 1440 ημύει
1177 1359 1371 1441 ἀσταχύεσσιν

255 1466 306 1520 aut
324 1462 419 1521 Nouni
438 1463 555 1535 Dionys
569 1461 597 1520 11
611 1468 648 1522 80
669 1456 874 1535 κυλινδομένων
899 1455 1084 1533 κυπαρίσσων
1104 1452 1262 1535 αὐχμηραῖς
1287 1452 1372 1511 πετά-

255 1552 369 1611 iorem.
404 1555 477 1612 Mihi
498 1555 578 1612 nulla
590 1554 751 1612 mutatione
764 1568 837 1626 opus
851 1567 915 1610 esse
931 1551 1054 1622 videtur,
1074 1550 1159 1609 modo
1174 1566 1237 1607 cum
1250 1548 1371 1607 Lehrsio

254 1651 399 1704 vertatur:
416 1647 530 1704 »aureis
545 1653 639 1704 autem
655 1645 798 1716 utrimque
814 1645 940 1716 agitatus
955 1645 1092 1702 cincinnis
1108 1643 1228 1715 capillus
1242 1642 1371 1700 intonsus

254 1737 386 1812 Zephyro
399 1738 616 1797 concutiebatur
626 1753 755 1798 comae«.
768 1769 800 1779 -
814 1734 855 1796 27
866 1733 937 1812 μεθ’
956 1733 1111 1812 ὡμάρτησε
1120 1736 1186 1794 Ml.
1198 1741 1228 1793 et
1238 1737 1271 1808 Q,
1282 1732 1372 1810 μεθα-

251 1828 384 1908 μάρτησε
396 1831 429 1888 Μ
446 1837 482 1900 2.,
502 1827 717 1907 μεύωμάρτησε
736 1829 859 1889 APSW
881 1829 946 1888 cdd.
968 1835 1034 1888 ante
1049 1829 1158 1900 Steph,
1182 1823 1251 1904 μεθ’
1276 1824 1372 1902 ὡμάρ·

254 1941 325 2000 ιησε
346 1922 463 1982 GLNR
482 1923 608 1981 Bekher.
629 1922 682 1980 Iul.
697 1922 798 1981 Lehrs.
816 1917 886 1997 μέθ’
911 1919 1068 1999 ὡμάρτησε
1088 1922 1150 1979 rell.
1166 1921 1230 1978 edd.
1244 1920 1372 1979 Restitui

251 2012 375 2090 μεύώμ.,
396 2023 428 2074 ut
449 2015 535 2074 etiarn
556 2013 689 2074 Graefius
708 2032 736 2088 p.
752 2021 806 2072 243
827 2015 962 2072 correxit.
992 2045 1022 2054 -
1053 2011 1094 2072 28
1115 2007 1177 2070 ουδ’
1202 2014 1234 2070 Μ
1250 2020 1285 2084 1.,
1305 2007 1372 2068 οὐδ’

254 2109 286 2166 Μ
300 2115 342 2180 2.;
369 2103 446 2165 ούτω
465 2125 518 2181 pro
539 2104 609 2184 αὐτη
628 2107 720 2166 Anon.
741 2106 921 2179 improbante
941 2106 1104 2181 Lennepi03
1130 2105 1264 2183 άρμονιης
1283 2106 1316 2164 Μ
1336 2114 1371 2176 1.,

254 2197 389 2277 domator
406 2199 438 2256 Μ
453 2207 488 2271 t,
509 2196 644 2275 soporas
665 2199 695 2266 0,
716 2193 867 2275 renovabo
886 2199 922 2270 A,
942 2197 1084 2275 ᾰανοδοε
1104 2201 1143 2272 <h
1168 2198 1310 2275 ἀννοδιτι
1329 2197 1369 2254 M·

254 2287 299 2350 De
323 2290 378 2350 hoo
402 2307 487 2350 versu
512 2306 598 2362 quem
616 2297 696 2350 recte
716 2291 808 2350 Lehrs
840 2307 951 2363 »nequa
977 2293 1041 2365 ipsa
1064 2294 1166 2364 regina
1190 2293 1278 2350 etiam
1306 2308 1370 2350 con·

254 2384 334 2457 rugii,
355 2383 468 2442 Venus«
491 2385 593 2457 vertit,
617 2384 688 2442 nihil
706 2385 762 2442 nisi
782 2385 911 2444 virorum
935 2385 1084 2443 doctorum
1105 2385 1304 2444 annotationes
1324 2399 1371 2441 su-

253 2476 366 2535 biciam.
407 2476 574 2536 »Brodaeus
601 2477 719 2548 reliquis
744 2477 852 2535 rectius
873 2475 921 2532 καὶ
947 2477 1123 2550 superfluum
1149 2494 1212 2536 esse
1241 2484 1270 2536 et
1287 2475 1370 2551 βασί-

255 2567 330 2626 λειαν
345 2566 494 2646 Ἁρμονίης
513 2585 593 2628 moro
612 2575 710 2629 nostro
724 2567 858 2627 familiari
872 2570 1025 2629 admodum
1040 2569 1267 2644 coniungendam
1289 2570 1369 2627 vidit.

253 2661 299 2720 lta
315 2659 448 2738 Χαρίτων
466 2661 601 2737 βασίλεια
620 2680 645 2721 v.
661 2670 705 2722 16.
731 2658 869 2738 θαλάμων
886 2661 1021 2737 βασίλεια
1041 2681 1065 2720 v.
1083 2667 1145 2723 137.
1173 2661 1270 2738 γάμων
1288 2661 1370 2737 βασί-

255 2753 315 2811 λεια
328 2771 353 2812 v.
369 2763 433 2816 306.
453 2757 586 2815 Minerva
599 2754 729 2831 πολέμων
739 2755 873 2831 βασίλεια
886 2774 911 2814 v.
923 2764 968 2817 89.
988 2754 1105 2813 σακέων
1116 2754 1251 2831 βασίλεια
1264 2772 1290 2812 v.
1307 2757 1369 2814 174.

253 2846 384 2904 Bacchus
404 2844 545 2922 ἡμερίδων
562 2844 700 2921 βασιλεὺς
719 2865 745 2905 ν.
760 2854 824 2905 258.
865 2847 935 2906 Cum
961 2855 1056 2906 tamen
1076 2864 1132 2908 non
1152 2847 1223 2906 nihil
1245 2845 1371 2906 offendat

254 2937 355 2996 addita
374 2939 475 2997 vocula
495 2937 551 3010 καὶ,
572 2957 625 3013 pro
640 2955 674 2998 co
688 2939 749 2997 fere
763 2939 943 2998 scribendum
959 2942 1121 3014 suspicaret
1141 2935 1211 2996 καθ’
1237 2946 1266 2998 et
1286 2941 1371 2998 unica

253 3031 339 3087 litera
364 3031 441 3089 voois
462 3028 607 3110 Ἁρμονίης
631 3037 754 3090 mutata:
791 3029 858 3090 Οὐδ’
889 3028 959 3111 αὐτη
983 3032 1117 3108 βασίλεια
1142 3030 1215 3090 καθ’
1242 3031 1371 3108 Αἱμονίης

249 3119 406 3200 Ἀφροδιτη.
446 3123 524 3182 Ordo
545 3131 602 3182 est:
623 3122 687 3182 οὐδ’
708 3121 778 3204 αὕτη
796 3124 827 3200 β.
843 3121 991 3204 Ἀφροδίτη
1005 3124 1126 3204 δὴύανεν
1139 3122 1282 3204 ἐρχομένη
1296 3121 1365 3182 καθ’

255 3215 383 3298 Αἱμονίης
406 3213 440 3281 ἐς
464 3211 556 3273 ἄλσεα
585 3214 766 3295 Κενταύροιο.
882 3219 1026 3279 D'Orville
1047 3260 1077 3275 ..
1098 3220 1232 3290 vulgatae
1258 3216 1370 3292 praefe-

253 3309 373 3368 rendum
401 3310 574 3368 existimavit
601 3306 675 3386 μεθ’
698 3307 843 3388 Ἁρμονίης
867 3309 1014 3388 Ἀφροδίτη
1044 3329 1062 3370 a
1087 3328 1144 3383 qua
1170 3310 1370 3369 emendatione

254 3400 350 3461 forsan
378 3417 434 3461 non
464 3402 696 3462 discedendum«.
726 3403 882 3477 Lennep.
909 3403 1001 3462 Iulien
1031 3405 1080 3476 qui
1110 3403 1298 3476 Lennepium-
1319 3402 1370 3460 im·

254 3495 356 3552 merito
377 3495 524 3568 obiurgat,
551 3497 634 3567 quasi
654 3495 703 3552 ille
724 3493 868 3572 Ἁρμονίης
892 3497 946 3555 hoc
971 3497 1034 3555 looo
1053 3496 1176 3554 Veneris
1197 3493 1284 3553 ffliam
1306 3511 1369 3553 esse

255 3586 418 3658 statuisset,
444 3587 586 3659 probante
611 3603 730 3646 censore
751 3587 933 3661 Gottingensi
958 3589 1051 3647 locum
1072 3589 1114 3647 sie
1138 3589 1225 3647 vertit
1252 3589 1370 3659 »Neque

255 3679 318 3750 ipsa
336 3680 439 3750 regina
459 3681 591 3739 amatorii
611 3681 701 3739 nexus
723 3681 818 3739 Venus
840 3680 982 3740 cunctata
1001 3686 1047 3738 est
1066 3683 1182 3740 veniens
1203 3683 1232 3739 in
1252 3696 1370 3740 nemora

256 3770 419 3830 Centauri«.
450 3772 521 3830 Tum
537 3772 667 3832 Graefius
682 3790 710 3846 p.
726 3780 780 3832 243
803 3773 928 3833 »Meum
941 3773 1190 3845 impeditissimum
1204 3775 1253 3846 qni
1267 3773 1369 3846 hyper·

255 3862 343 3922 baton
362 3868 467 3936 amant,
488 3862 611 3924 fortasse
625 3866 697 3924 satis
711 3866 877 3938 expeditum
894 3865 1047 3938 putabunt,
1067 3868 1172 3926 iunctis
1186 3866 1280 3924 verbis
1302 3863 1370 3923 οὐδὲ

255 3953 315 4012 καὶ
333 3950 404 4032 αὐτη
418 3953 491 4038 star.
507 3953 581 4032 Ἁρμ.
601 3955 672 4035 Ἀφρ.
699 3959 801 4030 quibus
826 3974 883 4017 non
907 3957 1107 4018 invidebimus.
1146 3960 1171 4018 Ε
1197 3959 1369 4018 coniecturis

254 4049 389 4110 facillima
410 4056 454 4108 est-
473 4049 616 4124 Lennepii
641 4051 712 4110 καύΙ
739 4050 876 4128 Αἱμονίης,
901 4067 987 4110 versu
1008 4053 1054 4109 17.
1075 4053 1159 4112 facile
1180 4052 1370 4123 stabilienda;

254 4145 342 4214 hobel
367 4145 469 4226 etiam,
495 4144 570 4224 quod
595 4146 723 4224 placeat,
749 4146 880 4205 Dorvillii
903 4141 977 4219 μεθ’
1000 4141 1159 4220 Ἁρμονίης,
1189 4143 1369 4218 probandum
