3092 4662
645 321 915 435 '-ro-

328 561 362 629 P
406 558 476 624 cod.
509 558 611 624 Paris.
635 559 721 623 2764
743 557 844 622 chart.
867 575 950 623 saec.
973 555 1032 622 XV
1054 559 1211 638 exeuntis,
1237 558 1376 642 scriptus

249 682 299 745 ἐπὶ
315 679 458 765 Φούοκης
472 677 647 764 κρατούσης
659 675 695 740 id
710 681 759 742 est
781 677 830 740 ἐπὶ
845 673 1055 760 &obstupesce
1075 679 1272 760 κροτοῦντος,
1293 677 1374 743 duee

249 789 457 856 Venetiarum
479 787 646 866 Foscario‚
676 793 713 852 ut
740 786 879 854 tortasse
901 793 988 852 recte
1009 786 1090 851 vidit
1112 786 1266 853 Teurnier
1287 809 1320 871 p.
1343 789 1372 854 8.

248 897 398 965 Domillii
419 899 524 980 gratia
547 897 581 962 in
603 897 756 982 Lennepii
778 915 869 962 usum
890 895 1025 963 contulit
1044 896 1201 962 Martinus
1216 896 1373 981 Bouqnet,

248 1027 336 1092 quae
357 1008 496 1088 collatio,
519 1008 601 1073 siout
614 1008 711 1072 etiam
727 1006 845 1074 codicis
860 1007 895 1086 Q,
917 1026 1003 1072 nune
1023 1007 1107 1072 iuter
1121 1006 1319 1073 Dorvilliana
1339 1005 1378 1088 X,

249 1122 281 1198 1,
303 1119 335 1184 3.
359 1122 378 1184 5
402 1123 594 1182 asservatur.

332 1237 370 1315 Q
409 1237 479 1302 cod.
502 1236 604 1302 Paris.
628 1237 719 1302 2600·
734 1237 835 1302 chart.
852 1255 935 1304 saco.
950 1234 1010 1302 XV
1024 1236 1066 1301 ab
1082 1236 1195 1302 eodem
1208 1235 1377 1320 Bouqueto

248 1357 351 1440 primo
377 1355 529 1437 collatua3
562 1354 655 1420 huius
676 1353 794 1420 codicis
826 1355 910 1420 sicut
938 1356 1037 1419 etiam
1064 1355 1182 1421 codicis
1211 1354 1238 1418 P
1266 1356 1378 1437 imagi-
1496 1447 1497 1452 ἵ

251 1486 326 1534 nem
348 1467 428 1532 satis
448 1465 586 1546 fidelem,
617 1467 679 1531 nisi
706 1467 793 1549 qnod
820 1473 1035 1532 correctorum
1060 1487 1174 1532 manus
1195 1468 1229 1530 in
1251 1487 1291 1533 ea
1311 1485 1375 1532 non

248 1582 325 1642 sunt
359 1577 545 1655 distinctae,
585 1596 663 1642 suae
697 1577 829 1643 editioni
871 1577 1073 1643 adiciendam
1107 1577 1232 1642 curavit
1266 1575 1378 1642 lulien.

250 1684 426 1752 Gestorum
453 1686 509 1750 ubi
537 1706 609 1751 mea
637 1686 766 1752 collatio
781 1705 815 1752 's
842 1689 984 1771 priorum
1008 1687 1185 1753 editionum
1208 1687 1378 1753 milatione

253 1794 305 1862 vel
327 1797 470 1862 etiams
498 1798 613 1862 Iuliani
641 1797 790 1863 faceimili
816 1798 904 1881 quod
932 1806 1066 1864 vocatur
1093 1798 1269 1880 discrepat,
1299 1795 1379 1862 mihi

251 1905 312 1972 soli
333 1905 430 1972 fidem
452 1907 634 1974 habendam
657 1928 726 1974 esee
748 1929 820 1974 meo
841 1909 912 1975 iure
934 1909 1070 1974 affirmo.

332 2028 370 2097 R
408 2027 480 2093 eod.
503 2028 578 2093 olim
597 2027 688 2093 Eliae
710 2026 862 2107 Putschii,
886 2027 1003 2092 deinde
1023 2027 1153 2091 loannis
1175 2025 1298 2090 Alberti
1318 2025 1379 2091 Fa·

251 2145 354 2226 bricii,
376 2147 432 2230 qui
452 2145 485 2210 in
501 2145 584 2210 Bibl.
600 2145 713 2210 Graec.
730 2144 821 2210 Voll
841 2167 874 2228 p.
890 2147 953 2210 303
976 2151 1051 2210 ante
1072 2149 1232 2211 trecentos
1254 2143 1381 2209 circiter

252 2273 353 2320 annos
383 2276 455 2319 eum
485 2257 638 2337 scriptum
669 2276 738 2321 esse
765 2257 875 2321 tradit.
923 2258 1038 2322 Postea
1071 2255 1104 2320 in
1126 2254 1302 2319 Hermanni
1324 2253 1380 2320 Sa·
1544 2327 1545 2340 χ

243 2364 366 2450 ¹muelis
381 2365 522 2430 Reimari
537 2365 790 2447 Hamburgensis
809 2385 921 2431 manns
944 2364 1080 2446 devenit,
1103 2365 1158 2448 qui
1179 2361 1380 2431 collationem

254 2474 335 2539 satis
358 2481 517 2552 accurate,
539 2476 733 2556 studetur,
756 2476 937 2541 Ruhnkenii
958 2476 1064 2557 gratia
1087 2475 1277 2554 institutam,
1301 2473 1381 2539 Len-

251 2584 348 2667 nepio
370 2585 537 2651 concessit.
583 2585 646 2652 Ubi
669 2607 751 2651 nunc
772 2586 882 2666 lateat,
906 2589 1022 2653 nescio.

336 2705 363 2774 S
408 2705 479 2771 cod.
501 2704 605 2771 Palat.
628 2707 691 2771 319
719 2705 820 2771 chart.
850 2725 933 2772 saec.
956 2702 1030 2785 XV,
1061 2703 1200 2770 nuncin
1221 2701 1380 2769 Vaticana

253 2823 457 2890 Bibliotheca
477 2829 677 2904 asservatus3
700 2843 721 2888 a
742 2843 792 2888 me
814 2824 919 2906 primo
941 2821 1087 2888 collatus.

335 2943 372 3010 V
413 2941 514 3008 codex
535 2941 643 3006 nescio
665 2941 737 3023 quis
760 2941 910 3024 (fortasse
925 2960 988 3005 non
1004 2940 1147 3005 diversus
1162 2939 1204 3006 ab
1219 2938 1266 3022 S),
1288 2940 1378 3005 ouius

254 3060 383 3126 collatio
405 3062 438 3125 in
453 3059 653 3124 Bibliotheca
667 3059 872 3142 Lugdunensi
893 3060 977 3124 inter
990 3060 1209 3143 manuscripta
1223 3056 1381 3124 Vossiana

252 3169 342 3236 Misc.
368 3172 407 3235 13
436 3169 479 3236 ab
506 3171 611 3238 Isaaoi
632 3168 726 3236 Vossi
742 3189 849 3240 ,manu
878 3174 1012 3236 exarata
1034 3174 1140 3249 extat,
1170 3169 1256 3234 unde
1277 3167 1379 3253 negle-

254 3281 438 3365 gentissime
452 3279 646 3364 descriptam
659 3299 731 3346 cum
739 3280 903 3364 Leunepio
916 3280 1161 3346 communicavit
1169 3276 1378 3344 Valckenaer.

335 3401 388 3469 W
411 3399 482 3466 eod.
505 3399 687 3464 Marcianus
716 3398 810 3465 class.
833 3399 880 3464 IX
901 3399 971 3465 cod.
995 3401 1010 3464 Ι
1032 3399 1133 3465 chart.
1156 3417 1239 3465 seeo.
1261 3395 1339 3462 XVI
1359 3416 1381 3462 a

251 3539 303 3584 me
324 3520 429 3604 primo
452 3519 597 3584 collatus.

340 3627 401 3705 Qui
426 3629 552 3696 codices
575 3627 693 3713 quibus
719 3629 804 3694 inter
832 3649 867 3695 se
893 3629 1091 3712 cognationis
1119 3627 1252 3695 vinculis
1282 3609 1382 3692 conti·

252 3743 392 3807 neantur
412 3738 506 3804 facile
528 3738 668 3823 perspici
689 3744 805 3822 potest.
832 3738 1020 3805 Mutinensis
1042 3738 1125 3803 liber
1139 3737 1381 3821 antiquissimus

252 3854 287 3914 et
309 3850 450 3913 omnium
471 3847 673 3931 plenissimus
696 3848 783 3914 solus
805 3849 945 3914 melioris
961 3848 1103 3914 familiae
1118 3849 1210 3913 testis
1225 3852 1381 3931 superest

251 3958 378 4044 Reliqui
397 3957 522 4024 codices
541 3959 717 4025 deteriores
739 3979 761 4023 a
781 3958 982 4024 Bessarionis
1004 3959 1181 4044 exemplari
1202 3958 1291 4024 ducti
1313 3976 1382 4023 esse

135 4093 138 4102 ⁴
251 4067 408 4148 videntur,
431 4067 517 4152 quod
539 4071 662 4153 primns
683 4070 849 4153 perspexit
869 4068 998 4152 Lennep
1019 4091 1053 4153 p.
1068 4067 1124 4134 VI.

339 4177 485 4245 Stemma
506 4197 617 4244 eorum
638 4177 700 4245 hoc
721 4178 800 4244 mihi
822 4180 1002 4264 composui:
