3078 4654
612 303 847 366 -103-

167 497 294 550 maestas
316 505 380 550 esse
399 495 485 563 putat
505 489 591 558 deas,
617 488 694 561 quod
713 491 864 550 mortalem
883 507 937 562 pro
958 489 1054 548 indice
1073 491 1237 550 habuerint.
1257 521 1297 534 -

166 582 213 643 ἐπ’
238 581 384 663 ούρανζήσι
397 583 431 642 Μ
445 589 474 642 et
493 583 558 641 edd.
572 582 842 655 anteLcnnepium,
862 579 907 639 ἐπ’
931 578 1075 658 ούρανίήσι
1091 583 1192 656 OLN,
1212 579 1297 640 ἐπου-

167 677 292 756 ρανιήχσι,
314 677 390 748 qnod
410 677 512 735 maluit
531 675 656 747 Ubelua,
678 675 747 747 GP,
767 672 964 754 ἐπουρανίῃσιν
985 676 1019 748 S,
1043 673 1243 752 ἐπουρανίοισι,
1263 680 1299 733 ut

167 789 205 832 ex
231 772 304 832 coni.
325 769 418 829 edidit
437 769 566 843 Lennep,
593 771 631 842 Q,
657 765 840 848 ἐπουρανίῃσι
865 769 930 829 edd.
956 769 1025 828 inde
1051 769 1234 830 aBeklrero.
1259 800 1296 810 -

168 863 233 924 299
255 863 392 942 κοπριδος
411 863 527 941 ἀγλαῑήν
554 863 602 920 καλ
622 859 765 942 ἐπήρατον
784 863 831 935 Μ;
852 896 887 906 -
911 861 975 922 294
994 859 1046 940 ήδὲ
1070 863 1117 934 Μ,
1143 860 1214 939 ήδὲ
1234 863 1297 926 rell.

169 958 254 1018 codd.
276 964 305 1016 et
326 958 401 1028 edd,
422 953 439 1034 ἦ
459 955 493 1014 δὲ
507 973 576 1030 eg03
599 991 632 1000 -
654 956 794 1026 ἀνταξίων
814 955 907 1034 ἐργων
927 957 974 1028 Μ;
995 989 1030 999 -
1054 954 1116 1016 295
1139 952 1230 1032 νύμφη
1243 955 1297 1028 W3

171 1049 345 1128 ιμερύεσσοιν
364 1051 413 1124 Μ,
433 1051 506 1126 λμερ.
528 1050 595 1122 GL,
615 1048 696 1128 ήμερ.
716 1051 855 1122 ANQR3
875 1047 1030 1106 κατένευσε
1052 1050 1089 1120 0;
1110 1046 1236 1106 ύπασσαι
1254 1049 1297 1119 Μ,

170 1143 276 1203 ύπάσαι
289 1144 323 1217 L,
339 1142 472 1209 ὀπάσσας
482 1143 533 1203 ΑΟ
548 1145 607 1215 (hic
620 1145 735 1216 quidem
750 1160 813 1202 cum
828 1145 866 1216 gl.
880 1140 1109 1221 παραχωρήσας)
1119 1141 1295 1214 NPQRSW.

169 1234 306 1296 ύποὶσσειν
332 1239 405 1296 conl.
431 1238 573 1297 Teurnier
592 1256 621 1311 p.
643 1245 678 1298 36
705 1237 772 1298 fort.
792 1244 880 1296 recte.
904 1269 937 1278 -
961 1234 1025 1294 293
1045 1232 1145 1312 ἓλένήν
1167 1235 1197 1306 O,
1217 1231 1296 1292 ε’ννέ-

169 1353 254 1391 πουσι
275 1333 309 1406 S3
330 1365 365 1374 -
389 1329 451 1390 297
476 1327 575 1390 ἕνεκεν
594 1332 670 1406 Mc,
697 1327 786 1392 ἕνεκα
806 1331 856 1402 W3
881 1329 1006 1407 τέτληκα
1026 1330 1072 1401 Μ;
1097 1326 1187 1386 πολλὰ
1207 1327 1297 1386 tacite

172 1429 289 1504 scripsit
314 1429 462 1488 Hermann
487 1448 515 1503 p.
538 1437 588 1501 2ο,
618 1428 670 1486 sed
695 1427 747 1486 cfr.
775 1425 917 1504 τήλίκον
942 1421 1028 1500 οἶδμα
1051 1423 1179 1501 περήσας
1202 1426 1296 1484 Nonn.

169 1525 256 1584 Dion.
278 1531 325 1596 42,
348 1530 411 1582 102.
451 1523 582 1598 πειρήσω
601 1521 649 1592 Μ;
676 1522 756 1580 »Non
777 1536 895 1592 prorsus
917 1519 1054 1578 abhorret
1074 1519 1110 1576 ab
1131 1535 1186 1576 usu
1206 1518 1297 1576 Grae-

171 1634 270 1676 corum
291 1616 354 1688 καί,
376 1616 452 1687 quod
473 1616 509 1673 ad
529 1621 621 1674 totam
645 1614 818 1673 sententiam
839 1612 975 1685 pertinet,
996 1613 1168 1672 collocatum
1187 1615 1221 1669 ut
1240 1611 1296 1668 hio.

172 1711 232 1770 Sed
253 1717 349 1768 tamen
370 1710 530 1782 elegantlus
555 1707 589 1764 δι’
611 1705 732 1784 οἴδματα
752 1697 934 1780 scripsisset'
967 1707 1060 1778 anm
1085 1711 1183 1763 antem
1202 1702 1298 1762 Nonni

171 1809 254 1862 secta
273 1808 351 1862 amat
370 1803 541 1875 partitiones
567 1803 697 1874 perduc
719 1800 766 1856 καλ
789 1800 895 1871 lactas,
923 1799 1001 1858 haud
1027 1799 1086 1856 scio
1115 1813 1151 1856 an
1176 1795 1300 1868 perierit

171 1915 271 1956 versus
293 1897 394 1955 eadem
413 1896 517 1954 rocula
541 1897 695 1969 incipiam,
721 1895 776 1952 hac
801 1893 958 1951 sententia:
987 1897 1021 1948 et
1046 1897 1115 1948 tam
1139 1894 1297 1947 remotas

172 1992 340 2063 regiones
362 1990 493 2048 adire«
534 1990 711 2048 Hermann
731 2005 759 2060 p.
781 1996 832 2058 203
855 2019 888 2027 -
912 1983 975 2043 298
996 1982 1093 2060 γάμων
1113 1983 1184 2054 AQ3
1212 1977 1298 2054 κερά-

172 2136 259 2193 σομεν
279 2118 320 2188 R;
341 2113 528 2192 ἐπικυύερεια
547 2117 594 2188 Μ;
617 2151 649 2158 -
674 2114 738 2174 299
759 2111 827 2171 κατ’
848 2110 1013 2192 αἰσχύνειας
1032 2111 1133 2182 ΑΟΝ;
1159 2107 1230 2187 ἐμήν
1251 2106 1299 2165 κύ-

171 2225 247 2286 πριν,
269 2211 373 2274 omIsso
400 2207 448 2264 καὶ
470 2209 516 2280 Μ;
545 2206 667 2284 ἐλέγξας
687 2209 733 2280 Μ,
754 2205 874 2286 ἐλέγξῃς
893 2208 958 2266 rell.
979 2206 1062 2265 codd.
1089 2211 1118 2263 et
1143 2205 1209 2262 edd.
1231 2211 1299 2262 ante

172 2303 275 2361 Lehrs.
308 2302 463 2360 »Fortasse
484 2302 545 2361 cod.
560 2303 635 2361 Μαι.
655 2303 731 2361 idem
751 2305 822 2376 vult,
843 2319 878 2362 ac
891 2304 1010 2374 volgata
1024 2301 1120 2369 lectio,
1144 2307 1174 2358 et
1193 2297 1300 2358 excidit

174 2393 222 2451 καλ
249 2399 316 2452 ante
337 2391 455 2469 Κύπριν;
482 2395 533 2453 sed
560 2397 646 2452 simili
670 2396 755 2455 modo
781 2397 915 2463 excidere
942 2397 1028 2452 etiarn
1053 2395 1148 2467 potuit
1169 2391 1209 2470 μή
1233 2396 1300 2465 post

172 2485 251 2564 ἐμήν,
272 2493 304 2544 ot
325 2494 402 2545 esset
424 2483 494 2564 ἐμήν
516 2484 556 2564 μή
576 2484 681 2563 Κύπριν
706 2484 852 2563 ἐλέγξαις,
879 2505 953 2560 quae
980 2489 1101 2561 optativi
1126 2486 1219 2546 forma
1243 2501 1300 2543 non

174 2581 336 2640 damnanda
356 2585 409 2638 est.
440 2579 548 2638 Verum
568 2597 632 2638 cum
654 2581 723 2640 God.
744 2581 852 2640 habeat
871 2577 943 2657 ἐμήν
965 2579 1069 2657 Κυπριν
1090 2575 1221 2655 ἐλέγξας,
1243 2577 1300 2637 for·
1331 2603 1333 2606 ·

174 2679 252 2732 tasse
267 2673 341 2730 adeo
356 2673 552 2732 scribendum:
563 2671 604 2750 μή
612 2693 652 2747 με
664 2673 897 2752 καταισχύνειας,
912 2670 981 2750 ἐμήν
995 2667 1012 2748 ἢ
1027 2671 1135 2748 Κύπριν
1148 2667 1298 2747 έλέγξαιςι

175 2765 346 2826 Graefius
366 2783 394 2838 p.
411 2773 474 2824 255.
506 2766 599 2824 Lehrs
619 2767 736 2824 iubente
751 2768 916 2826 Hermanno
930 2785 959 2840 p.
976 2775 1011 2826 2ο
1032 2763 1070 2822 εἴ
1078 2784 1120 2840 με
1143 2759 1299 2840 καταισχύ-

175 2879 266 2930 νειας,
296 2855 368 2936 ἐμήν
394 2857 441 2914 καὶ
468 2855 573 2935 Κύπριν
599 2855 765 2934 ἐλέγξεις
791 2860 891 2917 edidit.
937 2861 982 2918 Ex
1007 2859 1040 2916 M
1063 2857 1132 2917 libri
1157 2857 1302 2929 scriptura

175 2953 322 3026 profectos
347 2951 386 3031 μή
409 2971 447 3028 με
469 2947 705 3030 καταισχύνειας,
730 2949 800 3028 ἐμήν
826 2951 874 3008 καλ
895 2950 1002 3029 Κύπριν
1027 2948 1159 3029 ἐλέγξαις
1178 2951 1303 3018 coniecit

179 3047 338 3106 Schneider
350 3065 379 3120 p.
391 3054 457 3118 434,
471 3046 563 3103 simile
579 3044 627 3101 κοιλ
640 3047 802 3118 particulae
816 3047 999 3119 hyperbaton
1013 3047 1136 3106 afferens
1151 3062 1186 3104 ex
1198 3046 1301 3104 Nonno

176 3143 262 3200 Dion.
281 3145 325 3212 17,
343 3144 396 3200 154
417 3138 533 3218 τεύχων
549 3141 646 3213 κῶμον
658 3133 744 3216 Ἅρήι,
765 3139 892 3196 θαλύσια
913 3139 960 3196 καὶ
974 3139 1104 3216 Διονύσῳ
1118 3145 1148 3213 et
1160 3137 1301 3209 Paraphr.

177 3231 331 3312 ξ21ζωή
356 3231 418 3311 ἐγὼ
439 3233 550 3308 βιότοιο
577 3233 625 3289 καλ
650 3231 787 3308 ἀτραπός.
827 3234 956 3292 Priorem
979 3232 1087 3292 Graefii
1108 3233 1302 3290 coniecturam

175 3329 317 3402 praetulit
340 3327 452 3386 Tiedke
477 3327 506 3384 in
531 3327 640 3384 Herma
665 3327 737 3384 XIII
755 3343 783 3398 p.
806 3329 861 3384 357
891 3343 973 3384 »nam
998 3327 1090 3396 magis
1119 3325 1302 3384 Nonniannm

176 3421 248 3479 illud
266 3419 306 3497 μὴ
327 3421 424 3478 reddit
444 3421 612 3478 orationem.
644 3419 691 3489 (cf.
707 3419 791 3478 Di0n.
806 3419 830 3476 V
845 3426 901 3478 443
920 3415 1010 3492 ἐμούς
1021 3414 1061 3494 μή
1075 3420 1168 3474 κτεῖνε
1182 3416 1302 3494 φονῆας,

174 3516 218 3574 XI
239 3517 293 3574 321
319 3511 386 3589 ἐμοὶ
407 3511 447 3592 μή
473 3513 585 3588 δάκρυα
613 3511 723 3592 λείβής,
748 3513 802 3570 XV
829 3520 884 3571 328
910 3513 979 3586 τεής
1000 3509 1040 3588 μή
1066 3509 1167 3586 φείδεο
1192 3509 1302 3586 νευρῆς,

174 3609 253 3680 XVI,
275 3615 329 3666 165
351 3603 425 3686 ἐμής
442 3605 481 3685 μή
502 3607 578 3685 φαύε
597 3607 754 3684 φαρέτρης,
774 3607 872 3665 XVIII
894 3613 929 3664 19
950 3601 1019 3680 ἐμὸν
1037 3602 1077 3682 μή
1097 3603 1181 3679 δῶρα
1201 3602 1303 3678 παρέλ-

175 3701 240 3780 θῃς,
261 3700 372 3758 XXXV
387 3707 422 3758 51
444 3696 517 3775 ἐμοῦ
528 3698 567 3778 μή
583 3699 658 3777 dade
675 3700 808 3778 χιτῶνος,
829 3700 896 3758 Par.
914 3695 941 3754 Υ
952 3701 988 3756 74
1008 3693 1087 3773 ἐμῶν
1104 3695 1144 3773 μή
1165 3695 1241 3773 φαύε
1258 3715 1303 3773 χι-

176 3794 298 3864 τώνων.)
338 3793 476 3851 Eiusdem
501 3793 597 3850 Nonni
624 3791 719 3862 gratia
749 3786 872 3868 ἐλέγξῃς
896 3805 981 3861 qoam
1011 3785 1145 3865 ἐλέγξαις
1175 3788 1302 3846 scribere

175 3889 285 3959 malim,
306 3892 339 3944 ut
358 3886 448 3943 verba
468 3901 544 3956 quae
565 3889 632 3942 sunt
651 3881 872 3962 καταισχύνειας
886 3891 916 3941 et
929 3879 1048 3960 ἐλέγξῃς
1061 3881 1145 3939 ωούο
1160 3881 1303 3952 differant,

177 3983 251 4041 sicut
272 3981 356 4039 Dion.
377 3980 401 4037 V
422 3986 477 4038 431
489 3995 531 4050 sq.
549 3975 589 4054 μή
607 3996 643 4035 σε
662 3975 872 4054 παραπλάγξειε
892 3975 963 4053 νύύή
984 3974 1033 4032 καὶ
1053 3972 1174 4039 ἄπιστος
1194 3970 1303 4048 ὀπωπή,
