3078 4654
613 353 654 364 ..
701 320 827 384 97...

149 503 188 563 ah
209 503 320 563 Iuliano
341 510 371 563 et
391 504 521 563 Lehrsio.
553 500 641 582 αὐλῆς
667 504 796 564 defendit
816 506 975 566 Schneider
994 526 1023 581 p.
1045 512 1112 582 42⁷,
1133 511 1201 581 quia
1220 510 1277 569 Pe-

148 597 244 655 ridem
268 614 339 671 »par
360 603 424 656 erat
444 599 601 658 consistere
621 593 669 655 ἐπὶ
692 596 852 677 προθύροις
871 597 957 656 οὐδοῦ
977 597 1019 657 ἐπ’
1047 598 1160 658 αὐλείοιο
1181 603 1279 673 (Hom.

150 689 206 749 Od.
228 691 242 748 Ι
265 699 317 750 103
336 707 378 761 sq.
400 692 433 748 Il.
454 691 509 763 XI,
533 693 588 751 tta
604 677 718 762 sqq.)'i.
740 708 765 749 e.
786 692 814 748 in
835 693 933 750 limine
954 693 1100 751 interioris
1120 689 1223 772 αὐλῆς,
1247 698 1278 754 in

150 800 209 856 qua
230 785 305 843 Iovis
321 781 452 859 Ἑρκείου
477 783 623 850 ursiuli,
648 800 704 843 non
730 786 881 842 exterioris
906 785 936 842 in
962 801 1020 856 qua
1045 785 1160 845 stabula
1185 796 1276 847 erunt.

149 877 232 934 illam
259 878 362 935 relicto
389 876 516 935 thelame
541 878 674 948 ingressa
698 877 810 934 Helena
837 879 882 948 (ut
905 884 1076 949 precaretur
1100 881 1202 952 opinor
1227 888 1278 941 aut

152 986 237 1028 sacra
258 968 368 1028 faceret
393 969 430 1027 ad
450 968 526 1028 Iovis
552 974 644 1039 aram)
671 985 756 1040 quum
777 970 875 1026 Parim
903 970 1023 1030 vidisset
1048 971 1085 1029 ad
1110 973 1277 1033 ulteriorem

152 1067 267 1137 portam
293 1069 419 1122 stantem
445 1064 554 1121 intrare
580 1064 664 1121 iussit
689 1063 718 1119 in
743 1063 818 1121 hanc
843 1066 934 1137 ipsam
961 1059 1046 1142 αὐλὴν
1072 1072 1102 1124 et
1126 1063 1162 1132 ἐς
1183 1067 1277 1147 ρνχδν

152 1151 258 1234 ἢγαγεν
277 1155 392 1234 αὐλῆς.
433 1158 475 1215 ita
495 1158 569 1214 enim
594 1162 674 1214 recte
699 1156 807 1214 habent
831 1158 924 1215 libris
949 1191 985 1200 —-
1008 1159 1066 1217 Sed
1090 1176 1276 1233 comparum

150 1250 303 1325 probabile
317 1250 355 1308 sit
368 1249 510 1307 Helenam
526 1263 588 1305 cum
610 1248 723 1320 hospite
744 1248 773 1305 in
794 1249 861 1307 aula
882 1247 1035 1328 νεοσργέος
1059 1247 1168 1329 ὑψόθεν
1189 1247 1277 1331 ἐδρρς

152 1343 296 1423 ἀργυρέης
316 1345 352 1402 de
372 1345 459 1403 rebus
477 1344 676 1404 secretissimis
691 1343 903 1404 confabulatum
920 1361 995 1418 esse,
1020 1352 1049 1405 et
1063 1347 1095 1404 M
1109 1346 1177 1404 libri
1190 1347 1276 1406 lectio

152 1438 253 1516 αολην,
274 1455 348 1510 quae
370 1439 399 1495 in
420 1437 611 1496 deterioribus
632 1437 714 1495 libris
734 1439 764 1495 in
787 1435 874 1514 αὐλῆς
893 1443 1025 1496 correcta
1044 1444 1101 1507 est,
1127 1440 1205 1498 hanc
1230 1459 1277 1499 vo·

151 1549 213 1591 cem
228 1547 264 1590 cx
283 1548 309 1589 v.
324 1539 379 1590 255
400 1532 456 1589 huo
474 1532 655 1604 immigrasse
676 1538 708 1589 ut
727 1549 872 1590 sumamus
894 1532 1010 1605 efficiat,
1033 1535 1132 1607 recepi
1149 1533 1277 1592 Bekkeri

151 1627 345 1685 coniecturam
376 1625 534 1684 Tournerio
565 1641 677 1697 quoque
709 1629 748 1698 (p.
775 1633 823 1696 32)
854 1627 1014 1698 probatem.
1051 1661 1080 1668 -
1116 1627 1179 1687 268
1211 1646 1277 1703 ερε-

152 1749 289 1829 δρῆσσειν
301 1752 343 1823 Μ,
363 1747 535 1827 ἐφεδρὴσειν
551 1751 683 1823 NPRS‚
705 1715 887 1828 έφῶδρήσειν
901 1754 925 1825 Q
940 1765 1025 1823 lcorr.
1044 1771 1081 1812 m.
1096 1759 1176 1826 sec),
1196 1751 1277 1830 ἐφαι-

154 1843 288 1921 δρήσσειν
308 1845 342 1900 Α.
379 1845 554 1903 Vocabulum
575 1840 767 1921 ἐφεδρήσσειν
789 1846 857 1903 alibi
878 1862 991 1918 quoque
1012 1855 1049 1921 (r.
1072 1863 1095 1904 c.
1116 1848 1146 1905 in
1166 1847 1276 1906 Antho-

150 1939 229 2010 logia
253 1938 387 1995 Palatina
415 1943 444 1995 et
469 1936 546 2009 apud
571 1937 716 2006 Nonnum)
744 1944 843 1995 extare
868 1939 1018 2011 ignorans,
1045 1938 1205 2016 ἐφεδριῖειν
1231 1943 1276 1999 vel

150 2027 337 2107 ἐφεδρίσσειν
352 2032 453 2103 reponi
470 2031 554 2087 iussit
568 2029 696 2103 Lennep.
714 2065 745 2072 -
763 2027 850 2108 ἕδρης
863 2032 934 2102 ΑΙι;
950 2065 983 2074 -
1001 2032 1064 2092 259
1079 2032 1221 2110 ἀργυρεης
1234 2033 1274 2102 Μ,

152 2122 294 2202 ἀργυρέας
314 2123 341 2192 S,
364 2119 505 2199 ἀργύρεος
525 2123 564 2193 V;
585 2118 748 2196 ἐπέστελλε,
770 2129 803 2181 ut
822 2124 879 2181 vid.
902 2125 940 2195 Q?
963 2157 995 2166 -
1020 2121 1151 2203 οὐκεῖχεν
1171 2126 1218 2196 Μ;
1241 2159 1272 2166 -

152 2217 219 2278 260
246 2215 306 2273 ἀλλ’
332 2215 382 2274 ὅτε
406 2217 567 2289 MALNQ
594 2224 623 2276 et
648 2217 712 2275 edd.
740 2224 807 2276 ante
834 2217 977 2290 Lenncp.‚
1005 2219 1053 2289 qui
1081 2216 1157 2288 quod
1182 2218 1277 2275 Daus-

153 2313 253 2385 queius
275 2313 446 2384 coniecerat,
467 2309 506 2368 et'
519 2310 595 2370 OPS
615 2311 732 2382 habent,
753 2307 856 2366 ἄλλοτε
878 2312 997 2383 recepit.
1034 2311 1128 2369 »Nihil
1150 2311 1276 2384 suspecti

151 2405 275 2465 haberet
294 2406 341 2462 hic
359 2406 451 2476 locus
472 2406 495 2461 si
516 2405 662 2477 legeretur
682 2400 785 2459 uiliore
803 2401 865 2478 μέν.
901 2403 982 2475 Quod
1003 2403 1070 2461 libri
1090 2420 1188 2462 omnes
1209 2401 1274 2476 [tt]

150 2499 261 2558 habent
282 2497 385 2554 ἄλλοτε
406 2497 455 2574 δὴ,
479 2515 581 2557 vercor
601 2515 637 2556 ne
658 2497 838 2555 scribendum
859 2497 897 2553 sit
918 2494 1021 2551 ditiore
1041 2494 1088 2568 δέ,
1110 2498 1276 2555 exciderent

154 2597 251 2650 autern
278 2593 388 2664 aliquot
413 2608 527 2661 versus,
553 2592 582 2647 in
608 2591 710 2663 quibus
735 2588 857 2646 fortasse
882 2604 944 2645 cum
969 2588 1103 2659 Apolline
1129 2605 1275 2662 compara·

152 2685 239 2743 batur
252 2686 344 2758 Paris,
365 2687 464 2743 omissi
485 2685 527 2742 illi
546 2700 600 2757 per
613 2683 828 2755 negligentiam,
851 2681 1004 2738 aberrante
1019 2679 1102 2737 oculo
1118 2677 1274 2736 addidere

153 2776 187 2836 δὲ
212 2779 249 2838 ab
276 2777 380 2836 ἄλλοτε
406 2780 475 2856 μέν,
500 2778 577 2850 quod
597 2779 728 2851 superius
752 2777 878 2848 positum
904 2773 1055 2846 neglexit«
1097 2773 1274 2831 Hermann

151 2890 180 2946 p.
198 2880 243 2945 19,
264 2876 311 2932 cui
330 2875 485 2934 obsecutus
507 2893 531 2932 v.
548 2882 603 2933 260
625 2869 729 2928 ἄλλοτε
749 2868 783 2929 δὲ
803 2870 921 2943 scripsit
940 2875 970 2928 et
983 2867 1104 2928 lacunae
1118 2875 1185 2928 ante
1199 2867 1274 2927 hunc

153 2984 268 3026 versum
288 2969 400 3040 signum
421 2970 518 3041 posuit
537 2968 638 3027 Lehrs.
680 2967 738 3026 Scd
757 2972 837 3024 recte
860 2970 961 3024 contra
981 2964 1140 3023 Schneider
1158 2982 1186 3037 p.
1208 2969 1273 3021 441.

152 3066 223 3118 442:
252 3062 402 3133 »equidem
424 3070 595 3120 tamennon
616 3062 713 3132 video,
738 3077 789 3118 cur
809 3066 972 3133 suspectam
992 3059 1114 3119 habeam
1135 3059 1273 3126 voculam,

150 3153 235 3212 modo
256 3170 293 3211 ne
313 3155 350 3213 ad
372 3171 457 3212 unum
479 3151 583 3211 ἄλλοτε
604 3160 648 3224 (ut
668 3155 696 3211 in
711 3155 742 3211 Il.
765 3161 809 3225 13,
826 3155 881 3213 tte
902 3150 1005 3210 ἄλλοτε
1026 3153 1060 3230 δὴ
1079 3172 1149 3210 ποτε
1166 3149 1273 3229 μᾶλλον

151 3243 281 3322 ἐρωῆσαι
301 3246 447 3322 πολέμοιο)
474 3247 526 3306 sed
551 3246 588 3304 ad
613 3253 703 3305 totam
729 3248 955 3306 enuntiationem
979 3246 1125 3306 referatur
1144 3247 1174 3304 in
1198 3245 1274 3303 hunc

150 3340 281 3399 modum:
302 3357 369 3399 non
389 3342 527 3398 satiata
542 3346 597 3398 est
615 3340 792 3413 adspectu
811 3341 964 3410 iuvenis,
986 3343 1078 3400 alias
1099 3340 1274 3400 videlicet

151 3431 1272 3507 cythereaeseputansfiliumvidere‚saepeautemssaechum.

151 3541 217 3584 nam
238 3521 342 3582 ἄλλοτε
361 3533 390 3585 et
403 3525 523 3582 πολλάκι
542 3523 578 3582 δέ
595 3525 772 3598 respondere
792 3525 847 3583 sibi
868 3531 1001 3598 apertum
1018 3531 1063 3584 est
1083 3527 1171 3602 [quac
1185 3526 1273 3586 etiam

152 3618 295 3692 Lennepii
315 3627 379 3678 erat
399 3620 555 3692 sententia]
577 3624 609 3676 ut
627 3625 693 3693 post
706 3615 853 3695 φαρέτρην
867 3635 924 3678 non
938 3621 1078 3678 maximae
1092 3619 1145 3676 sed
1159 3619 1273 3679 meffiee

151 3712 377 3784 interpunctioni
402 3713 481 3772 locus
507 3713 559 3785 sit,
585 3711 698 3770 etiamsi
721 3727 739 3769 a
761 3711 917 3784 participio
943 3709 1076 3788 ὀισαμένη
1096 3712 1274 3772 adverbum

150 3802 275 3862 ἐδόκευε
295 3806 402 3864 transit
421 3805 524 3878 oratio,
545 3804 621 3876 quod
639 3805 667 3860 in
683 3803 823 3862 eiusmodi
837 3804 988 3863 verborum
1002 3809 1148 3864 structura
1161 3822 1217 3864 nou
1231 3807 1275 3863 in-

151 3899 290 3956 usitatum
310 3897 399 3958 luisse
415 3899 535 3958 Graecis
556 3902 670 3957 constat
682 3897 750 3956 iude
770 3897 806 3956 ab
820 3896 956 3970 Homero,
977 3913 993 3954 e
1012 3913 1068 3969 quo
1082 3899 1213 3971 exempla
1227 3905 1275 3957 sat

147 3991 240 4048 multu
266 3990 350 4049 dedit
369 3990 522 4049 Beklrerus
547 3991 576 4047 in
596 3989 826 4050 Monatsbericht
851 3989 904 4048 der
928 3989 1018 4048 Acad.
1044 3990 1072 4052 d.
1096 3991 1274 4052 Wissensch

199 4083 225 4124 E.
239 4083 322 4132 Abel,
341 4083 464 4128 colluthus.
1051 4083 1068 4137 7
