3092 4662
594 325 803 386 ..41-

136 514 252 568 scatere
270 513 420 582 reputans,
441 525 459 567 a
480 523 525 567 me
546 505 702 581 impetrare
723 525 779 568 non
800 509 891 582 potui,
912 515 944 568 ut
962 525 1055 581 nequo
1069 511 1197 584 ineptam
1210 525 1260 568 ne·

136 617 194 672 quc
214 599 359 659 difficilem
375 601 519 674 Leunepii
538 601 734 660 coniecturam
754 618 811 660 non
831 602 886 660 nisi
899 607 1019 676 propter
1032 602 1065 660 M
1078 601 1145 660 libri
1159 603 1258 662 sordes

136 695 304 769 spreverim.
342 695 412 752 »Vir
425 694 531 754 doctus
552 693 589 753 ad
603 695 669 752 Ald.
683 694 738 754 Ed.
761 695 964 754 emendaverat
983 690 1127 771 ἐδράξατο
1146 691 1259 771 πέτρην,

136 787 247 858 absque
266 788 443 846 necessitate
464 789 525 846 ulla
545 803 601 846 non
621 791 742 859 tautum,
761 787 814 846 sed
833 788 920 845 etiam
940 791 1040 846 contra
1057 792 1162 859 poetae
1182 802 1260 845 men-

135 887 204 952 tem,
225 879 274 951 qui
293 880 422 938 insimili
441 895 474 938 ra
494 883 540 938 ter
558 879 705 936 minimum
725 879 842 938 verbum
862 876 1033 955 ἐφράσσατο
1047 880 1203 938 inculcavit
1225 887 1257 937 ut

136 989 162 1030 v.
178 979 213 1031 56
235 977 265 1031 et
285 979 355 1046 θοι,
380 973 486 1030 Lenn.
510 1005 543 1014 -
565 971 707 1030 Tournier
726 989 755 1044 p.
775 978 810 1029 12
835 978 901 1044 post
921 973 1001 1030 varia
1021 973 1180 1031 tentamina
1200 966 1259 1041 (od-

137 1061 174 1121 λά
188 1084 229 1138 τε,
249 1060 344 1138 οὖλον)
365 1083 418 1140 pro
432 1061 502 1122 οὐδέ
514 1083 547 1121 τε
561 1066 607 1122 vel
620 1060 682 1141 οὐδ’
699 1083 728 1137 α,
749 1064 779 1120 in
798 1058 866 1142 οὔλη
887 1063 925 1122 ad
941 1063 1021 1142 χειρὶ
1040 1063 1193 1123 referendo
1213 1079 1260 1122 ac·

136 1159 255 1229 quievit,
278 1157 353 1229 quod
372 1158 443 1216 mihi
462 1159 566 1216 iterum
586 1162 706 1231 propter
719 1157 862 1230 ingratam
876 1156 1027 1216 verborum
1042 1158 1259 1216 collocationem

134 1267 194 1311 non
213 1252 317 1324 placet.
348 1252 507 1310 Praeterea
520 1251 663 1309 Tournier
683 1268 711 1323 p.
728 1258 763 1310 13
784 1267 838 1323 pro
857 1251 960 1326 πέτρην
973 1255 1053 1309 recte
1072 1250 1160 1308 scribi
1178 1248 1260 1306 iubet

134 1340 238 1420 πέτρη,
264 1359 321 1415 qua
346 1345 504 1403 mutatione
529 1342 685 1416 significari
714 1345 775 1402 vult
800 1341 909 1400 frustra
935 1341 1091 1402 inferorum
1112 1348 1142 1400 et
1161 1348 1258 1400 terrae

136 1436 274 1494 auxilinm
301 1436 337 1494 ab
361 1436 452 1494 Eride
482 1436 643 1495 invocatum
673 1451 751 1508 esse3
782 1434 854 1496 coni.
881 1436 964 1495 Hom.
990 1435 1083 1507 hymn.
1110 1436 1139 1492 in
1163 1435 1258 1506 Apoll.

135 1528 220 1601 Pyth.
242 1536 304 1588 155.
333 1536 396 1588 162.
425 1537 487 1588 163.
511 1527 589 1608 χειρὶ
613 1530 792 1606 καταπρηνεῖ
813 1525 841 1584 δ’
871 1522 958 1584 ἔλασε
981 1526 1079 1606 χθόνα
1103 1526 1151 1584 καὶ
1181 1525 1258 1602 φάτο

133 1619 227 1696 μῦθον
242 1663 359 1681 ......
385 1615 436 1686 Ὣς
455 1617 514 1695 ἄρα
533 1617 687 1697 φωνησασ’
713 1620 797 1697 ἳμασε
816 1619 913 1697 χθόνα
931 1619 1009 1699 χειρὶ
1028 1619 1131 1698 παχείῃ
1152 1616 1258 1696 Κινηθη

136 1709 165 1770 δ’
183 1711 241 1791 ἄρα
253 1717 319 1789 χαῖα
332 1712 506 1790 φερέσβιος·
527 1711 584 1792 ἡδ’
609 1710 747 1771 ἐσιδοῦσα
772 1711 893 1789 Τέρπετο
914 1710 946 1770 ὃν
966 1711 1042 1770 κάτα
1063 1711 1161 1788 θυμὸν,
1181 1709 1258 1769 itero

136 1804 194 1883 χίησ
213 1805 373 1864 τελέεσθαι.
392 1840 422 1848 -
445 1807 503 1865 Pro
523 1803 592 1862 οὐδέ
605 1824 637 1862 τε
657 1806 724 1864 olim
744 1803 840 1882 ἠθάδα
860 1807 977 1864 conieci.
1001 1839 1034 1848 —
1056 1823 1080 1863 v.
1096 1803 1138 1863 49
1159 1805 1208 1876 qui
1229 1805 1258 1860 in

135 1900 198 1959 solo
216 1900 249 1958 M
267 1905 399 1974 apparet,
418 1900 485 1958 libri
505 1899 665 1958 deteriores
686 1907 716 1958 et
736 1899 879 1959 editiones
900 1905 968 1956 ante
986 1898 1151 1957 Belrkerum
1173 1899 1255 1957 omit·

137 1999 211 2066 tant,
226 1995 402 2066 transposito
414 1994 443 2050 in
455 1995 516 2051 eius
526 1995 619 2052 locum
630 2009 715 2050 versu
726 1999 771 2050 52.
783 2024 819 2034 -
830 1985 918 2068 ἤθελε
928 1983 955 2047 δ”
963 2007 1015 2063 pro
1026 1985 1130 2067 ἢθελεν
1140 1989 1257 2048 Schnei-

135 2087 190 2145 der
209 2088 331 2147 coniecit
348 2087 367 2143 l.
386 2087 405 2143 l.
426 2088 487 2145 sine
508 2103 609 2158 eausa,
631 2103 695 2144 cum
717 2087 803 2144 etiam
824 2084 900 2143 inira
919 2101 945 2142 v.
961 2091 997 2143 52
1021 2084 1124 2156 copula
1148 2083 1256 2155 optimo

135 2179 210 2239 libro
229 2179 346 2238 iubente
367 2165 527 2239 omittenda
547 2186 619 2238 erat.
650 2177 768 2257 κληὶδας
788 2177 889 2236 ἀνεισα
906 2177 954 2248 Μ,
978 2175 1053 2249 quod
1074 2175 1162 2234 tacite
1183 2191 1257 2233 corr.

136 2272 269 2344 Beklser3
290 2305 326 2315 —
352 2271 396 2331 50
419 2271 574 2330 »Deiectus
595 2273 717 2346 copulae
737 2272 850 2345 impulit
869 2287 929 2340 me,
955 2277 988 2330 ut
1012 2269 1193 2328 scribendum
1213 2285 1259 2326 su·

135 2367 233 2439 spicer
245 2365 294 2421 καὶ
311 2363 455 2443 χθονίων(
477 2365 643 2438 Lennep,
665 2366 745 2424 cuius
767 2365 946 2424 correctione
967 2380 1024 2422 non
1044 2363 1166 2435 amplius
1186 2378 1258 2434 opus

134 2459 327 2528 restitutofex
340 2458 372 2515 M
385 2457 458 2516 libro
478 2459 550 2517 loco.
572 2456 687 2531 τιτηνος
701 2457 787 2529 MW,
809 2455 926 2534 τιθήνας
940 2457 995 2528 SV,
1016 2461 1046 2514 et
1065 2453 1086 2513 θ
1107 2460 1153 2514 est
1172 2456 1258 2512 etiam

134 2553 165 2609 in
178 2551 308 2623 margine
321 2551 359 2608 W
372 2550 447 2609 libri.
475 2546 633 2626 βαρέθρων
648 2550 731 2621 GW,
746 2582 782 2594 -
804 2547 841 2607 bl
859 2547 1048 2626 νψιμέδοντος
1061 2546 1203 2604 ἀῖστωσαι
1216 2547 1258 2618 Μ,

136 2643 179 2718 dn
191 2645 312 2703 ἑστῶσαι
332 2645 371 2714 Α;
397 2637 482 2719 ἕδρην
501 2641 641 2714 MAOL;
663 2675 695 2684 -
726 2643 847 2700 Versum
862 2649 898 2700 52
919 2641 974 2700 hoc
994 2656 1107 2712 quoque
1126 2641 1188 2698 loco
1209 2640 1258 2698 ha·
1288 2693 1290 2698 .

136 2739 208 2814 bent
226 2738 327 2798 LRW
347 2738 388 2806 (in
409 2736 490 2794 cuius
511 2737 642 2808 margine
662 2742 729 2793 ante
743 2753 786 2792 vv.
803 2741 839 2792 49
855 2740 884 2793 et
899 2740 933 2791 51
950 2734 1132 2806 corruptelae
1145 2733 1257 2804 signum

136 2834 198 2899 cst,
223 2835 254 2888 et
272 2831 368 2888 versui
383 2837 420 2887 51
441 2829 478 2888 ab
498 2829 594 2886 altera
615 2843 701 2885 manu
721 2826 766 2891 δίς
786 2827 976 2900 adscriptum)
1001 2832 1031 2884 ct
1050 2825 1151 2884 habuit
1171 2825 1258 2884 etiam
1289 2890 1292 2896 ¹

135 2929 172 2998 A,
192 2925 222 2982 iu
243 2940 299 2996 quo
324 2931 420 2984 tamen
446 2929 550 2996 postea
571 2939 671 2982 erasus
693 2928 746 2980 est.
788 2921 931 2980 Omittunt
949 2919 1011 2976 rell.
1032 2917 1115 2977 codd.
1137 2918 1208 2975 dett.
1229 2924 1259 2976 et

139 3017 208 3076 edd.
232 3001 301 3074 ante
319 3015 445 3075 Bekker.
475 3020 551 3074 Ante
571 3017 646 3076 hunc
665 3033 777 3074 versum
798 3017 919 3073 lacunae
939 3014 1022 3085 signa
1041 3012 1124 3085 posui
1144 3011 1259 3070 Schnei-

136 3112 207 3170 daro
228 3111 394 3180 obsecutus,
415 3112 464 3183 qui
483 3129 510 3184 p.
527 3118 580 3170 411
605 3117 684 3169 recte
704 3110 813 3169 monuit
829 3113 912 3180 »post
924 3124 949 3165 v.
967 3113 1000 3165 51
1017 3104 1159 3164 excidisse
1172 3119 1259 3176 quae·

137 3205 204 3262 dam
218 3201 321 3275 quibus
336 3202 542 3276 exponebatur,
564 3219 615 3260 cur
629 3201 706 3260 istud
721 3203 871 3260 consilium
885 3205 1017 3258 eventum
1031 3214 1087 3256 non
1100 3197 1256 3255 habuisset.

137 3297 214 3370 quod
241 3305 273 3354 ut
299 3298 439 3355 insimili
464 3313 552 3354 causa
578 3295 707 3353 additum
734 3298 779 3352 est
805 3310 830 3350 v.
846 3300 881 3352 53
904 3298 933 3349 et
953 3308 978 3349 v.
995 3293 1046 3362 57,
1072 3291 1115 3348 ita
1133 3304 1186 3346 nec
1211 3288 1277 3345 hic·

137 3390 231 3449 omitti
250 3391 373 3462 potuit«.
390 3423 422 3430 -·
446 3387 487 3448 52
507 3386 609 3466 ἢθελεν
623 3385 740 3466 ἡχιεντα
752 3387 793 3459 Μ,
814 3380 902 3464 ἤθελε
915 3382 945 3443 δ’
959 3381 1083 3462 ἠχήεντα
1096 3382 1159 3440 rell.
1174 3381 1256 3440 codd.

137 3488 167 3540 et
181 3481 257 3552 edd,
279 3483 412 3555 copulam
426 3497 480 3552 ego
494 3481 576 3540 omisi
591 3497 654 3538 cum
665 3480 705 3537 M.
729 3512 754 3518 -
772 3479 912 3554 πριστῆρα
925 3477 966 3548 M,
987 3475 1154 3552 παρηστηρα
1168 3473 1207 3544 G3
1220 3506 1256 3516 -

136 3572 176 3633 53
197 3571 333 3652 ἠφαίστω
352 3574 394 3646 Μ,Ι
414 3572 463 3652 ἦφ.
484 3574 554 3645 AQ3
584 3571 713 3629 ὑποεικεν
733 3571 781 3642 Μ;
813 3569 1007 3646 ἀμαιμακέτην
1027 3568 1073 3640 M,
1100 3565 1256 3643 ἀτυζομένη

138 3669 202 3726 rell.
224 3667 307 3728 codd.
323 3672 353 3725 et
367 3667 432 3725 edd.
448 3671 515 3724 ante
536 3665 697 3735 Lehrsium,
718 3665 766 3734 qui
787 3660 966 3740 ἀμαιμακέτη
985 3661 1098 3733 recepit
1116 3660 1257 3733 probante

137 3763 225 3819 etiam
236 3761 394 3820 Tournerio
405 3777 434 3834 p.
448 3768 490 3819 13.
506 3794 538 3801 -
557 3760 717 3818 »Relictam
731 3764 893 3816 ceterorum
907 3757 1059 3815 lectionem
1073 3759 1171 3812 tuetur
1185 3753 1256 3826 Try-

137 3854 296 3928 phiodorus
325 3871 350 3911 v.
372 3861 427 3912 685
453 3851 598 3930 Ἥφαιστον
625 3848 651 3908 δ’
681 3849 810 3909 ὑπόεικεν
840 3847 1014 3925 ἀτυζόμενος
1040 3845 1130 3926 χόλον
1153 3841 1255 3922 Ἥρηςι

137 3946 292 4005 Belrker.
323 3946 375 4005 sed
394 3951 475 4004 recte
495 3951 594 4004 contra
608 3945 797 4016 Herm.p.11
822 3944 869 4001 »id
887 3958 943 4015 quo
957 3946 1042 4014 pacto
1058 3939 1257 3998 defendendae

138 4038 216 4112 apud
231 4037 383 4096 Golntbum
404 4037 538 4110 vulgatae
558 4033 715 4112 ἀτυζομενη
735 4033 867 4093 adhiberi
888 4035 990 4106 possit,
1010 4049 1066 4092 non
1087 4032 1179 4102 video,
1200 4031 1254 4088 nisi
