3092 4662
583 333 798 397 ..31-

41 585 50 594 ,
123 536 145 579 0
164 518 287 580 colutho
311 525 409 579 tamen
433 516 596 592 profertum
624 535 682 578 non
711 518 855 577 videtur«.
893 517 1024 579 Graefius
1050 520 1101 591 qui
1125 516 1178 575 δαί
1196 534 1255 578 non

47 615 51 620 '
126 629 192 672 esse
204 614 306 673 horum
321 620 475 687 poetarum
495 617 575 670 reete
596 613 715 685 monuit,
736 611 768 670 τί
782 608 810 670 δ’
833 607 879 681 αὖ,
903 628 978 684 aquo
998 617 1029 670 et
1049 613 1144 672 altera
1162 612 1253 671 leotio

14 713 27 789 j
48 763 51 769 ,
125 703 152 762 δ’
175 702 338 779 deducito,
358 706 481 765 oonieoit
499 722 528 777 p.
544 711 600 763 242
622 710 653 762 et
666 704 803 764 Observv.
824 706 900 764 oritt.
921 705 952 762 in
965 704 1122 777 Tryphiod.
1143 722 1172 778 p.
1188 711 1253 765 283.

14 805 37 816 ··
124 831 163 842 -
177 797 197 857 9
212 795 280 879 ὀργ.
296 815 332 859 ex
345 817 413 876 οργ.
428 797 461 856 Μ
472 805 498 871 2,
514 793 706 876 ὀρχοικάκων
716 797 782 856 Ald.
796 817 824 870 ο;
845 813 918 857 0011.
934 799 1023 856 etiam
1035 796 1138 856 Perdr.
1152 795 1255 856 πόντον

14 981 16 988 x
124 959 163 1001 ex
175 961 279 1002 παντον
288 944 321 1002 Μ
336 952 366 1016 2;
387 915 468 1024 γαόαν
481 941 551 1014 LP3
571 939 649 1018 ὀρίνη
661 941 728 1013 ΜΡ,
739 938 829 1017 ὀρίνει
843 941 877 1013 Q,
893 904 980 1016 ὀρίνύι
993 941 1061 1001 NR.
1078 939 1139 998 τίνα
1152 937 1255 997 πόντον

124 1033 200 1111 ύμοῦ
220 1035 269 1093 καὶ
289 1039 370 1112 γαῖαν
390 1033 483 1111 ὄρινεν
504 1035 620 1108 scripsit
639 1034 781 1107 probante
795 1033 929 1093 Harlesio
944 1034 1036 1092 Lenn.
1051 1050 1116 1092 eum
1135 1035 1256 1106 uulgata

16 1195 20 1199 ¹
129 1129 331 1189 »nullomodo
352 1129 531 1189 commodum
554 1128 711 1187 admittant
734 1143 879 1196 sensum«,
900 1143 1039 1198 suamque
1060 1127 1256 1187 coniecturam

45 1279 49 1284 .
127 1220 242 1292 Qlibri
267 1224 411 1296 scriptura
441 1217 528 1298 ὀρίνει
552 1219 660 1280 firmari
687 1220 857 1292 crediderit3
885 1220 1039 1281 »facillimo
1061 1222 1136 1279 enim
1157 1235 1256 1278 errore

14 1351 37 1390 ..'
127 1330 144 1372 e
163 1315 250 1374 litera
268 1316 296 1374 N
316 1317 408 1374 altero
432 1315 525 1376 latere
554 1331 652 1387 eraso,
678 1315 747 1374 oriri
773 1320 872 1388 potest
890 1315 919 1387 Ι,
945 1309 1022 1388 qudd
1045 1316 1076 1372 in
1102 1313 1256 1373 (lodicibus

14 1443 46 1486 :t
124 1423 214 1466 manu
235 1410 352 1481 seriptis
372 1425 429 1468 non
448 1424 516 1466 raro
537 1405 688 1477 accidisse,
708 1422 802 1478 nemo,
823 1408 872 1478 qui
887 1422 935 1466 eos
950 1408 1040 1466 oeulis
1060 1406 1255 1480 usurpaverit,

14 1536 45 1581 2:
126 1499 234 1559 infitias
248 1501 331 1558 ibit«.
360 1501 516 1574 Vulgatam
530 1498 661 1557 defendit
679 1498 810 1557 Bekker:
838 1499 959 1558 »eadem
973 1504 1120 1558 structura
1134 1500 1256 1559 Nonnus

24 1631 42 1674 ς
126 1601 174 1665 11,
185 1600 242 1652 288
256 1591 288 1650 τί
293 1591 385 1670 χρέος
398 1589 440 1671 ἦν,
459 1592 502 1651 ἵνα
515 1591 617 1650 πόντον
631 1587 776 1669 ἀμείλιχον
789 1589 966 1672 ηνιοχεύηςι.
985 1626 1018 1636 -
1041 1592 1080 1652 10
1101 1594 1185 1653 colon
1199 1607 1256 1651 om.

20 1734 24 1740 .
124 1685 193 1744 MR
218 1691 248 1744 01
272 1684 339 1745 fort.
361 1687 411 1744 alii
431 1686 514 1746 codd.
540 1681 645 1762 ὠγυγίη
663 1686 705 1758 M,
731 1685 857 1756 Bekker,
883 1692 914 1744 01
937 1687 1000 1744 1011.
1026 1681 1257 1761 01111.,ὠκυπέτη

15 1765 24 1848 γ’
125 1779 212 1839 codd.
234 1779 305 1837 dett.
329 1784 359 1837 et
384 1779 449 1837 edd.
476 1785 543 1837 anto
569 1778 763 1852 Lennepium,
789 1780 839 1851 qui
869 1779 1030 1852 Dausqueii
1061 1779 1257 1839 coniecturam

14 1927 35 1936 .,
124 1868 279 1950 ὠκυπέτης
303 1873 416 1944 recepit
440 1877 471 1930 01
495 1872 590 1930 addit:
629 1872 706 1931 »Gur
730 1880 826 1931 tamen
858 1879 887 1930 et
912 1872 984 1930 illud
1010 1872 1065 1930 sibi
1091 1877 1257 1945 suspectum

14 1952 41 2042 ¹⁸:
126 1965 246 2039 dixerit,
267 1981 384 2023 eausam
404 1966 460 2023 nisi
479 1966 654 2024 levissimam
674 1965 768 2024 video.
802 1966 834 2024 si
853 1965 928 2025 forte
948 1965 1058 2038 aliquid
1077 1965 1257 2036 tentandum,

20 2111 24 2118 .
125 2074 185 2118 non
212 2059 337 2116 alienum
363 2056 453 2116 foret:
483 2057 561 2115 ντίνα
584 2057 686 2115 πόντον
711 2056 783 2132 όμοῶ
809 2057 858 2114 καλ
883 2061 963 2133 γαῖαν
988 2056 1081 2135 ὄρινεν
1110 2055 1258 2121 Βουκόλος

126 2147 294 2227 ὠκυπέτης·
317 2149 359 2214 τίς
379 2149 407 2206 δ’
428 2145 530 2208 ἔπλετο
549 2151 661 2215 νείκεος
681 2147 766 2228 ὀργὴ
796 2150 987 2210 Velocitatem
1006 2151 1106 2210 Paridi
1127 2151 1258 2224 apprime

14 2227 37 2308 fis
127 2245 292 2316 convenire,
312 2243 373 2302 turn
393 2243 471 2315 quod
492 2260 590 2304 amore
609 2245 640 2302 in
660 2259 716 2316 quo
736 2245 817 2302 nulla
837 2261 963 2316 unquam
978 2234 1064 2304 'mora
1084 2244 1180 2317 datur,
1206 2243 1259 2302 fla·

125 2345 239 2412 graret,
259 2343 319 2395 tum
340 2337 418 2408 quod
438 2338 539 2397 velox
564 2337 717 2397 admodum
736 2337 833 2405 100111,
853 2339 971 2410 liquet«
1009 2332 1257 2412 0001011ωώγο-

128 2430 189 2508 γίην
211 2426 303 2509 ὀργήν
323 2447 376 2503 pro
389 2429 504 2510 πρώτην
524 2427 1039 2509 ἀργήν1111101111111011011110000
1058 2437 1149 2501 ratus,
1169 2431 1260 2488 Tour-

130 2525 197 2584 nier
216 2531 277 2597 09
299 2519 403 2600 ὠλογιή
428 2542 482 2598 pro
507 2521 613 2601 ὠγυγίη
640 2525 776 2598 coniecit,
802 2526 907 2584 collato
932 2524 1078 2596 Hesychio
1104 2519 1258 2599 (ὠλυγίων

23 2611 25 2614 ’
128 2617 303 2674 σκοτεινῶν·
325 2616 439 2674 κακῶν·
457 2619 594 2694 μακρῶν·
616 2615 721 2687 ὀξέων·
744 2617 891 2694 μεγάλων)
918 2617 949 2676 es
971 2618 1085 2677 Scholia
1105 2617 1143 2676 ad
1162 2619 1258 2691 Apoll.

18 2704 25 2710 '¹
129 2711 188 2770 Rh.
202 2710 243 2769 IV
259 2717 333 2772 1258
359 2709 541 2788 (Διωλυγίης
568 2712 732 2789 σκοτεινῗης·
758 2704 775 2786 ἦ
796 2708 947 2786 διωλυγίης
966 2707 1029 2768 ὀντλ
1055 2709 1106 2766 τοῦ
1126 2706 1171 2766 ἐπὶ
1190 2706 1259 2767 πολὺ

26 2871 27 2877 γ
127 2800 308 2884 ὀιηκούσης).
334 2837 372 2850 -
397 2824 441 2870 τις
454 2804 637 2878 MNPQW;
664 2802 776 2870 νεικέος
790 2806 828 2878 Q;
854 2800 932 2881 ὀρχη
946 2804 993 2875 Μ;
1020 2835 1054 2844 -
1082 2802 1260 2860 11καιαθα-

15 2959 18 2964 ,
129 2895 243 2957 νάτοισι
255 2898 303 2970 Μ;
323 2894 536 2974 θεμιστεύσωσι
549 2898 591 2971 Μ,
606 2897 733 2971 Bekker,
755 2903 785 2956 et
797 2898 861 2956 rell.
877 2897 952 2970 edd,
968 2893 1162 2972 θεμιστεύωσι
1176 2896 1259 2956 codd.

14 2977 29 2994 ⁵
127 2991 204 3052 dett.
227 2997 257 3051 01
279 2991 345 3050 edd.
366 2997 434 3050 ante
450 2991 592 3062 Beudena
613 2993 716 3069 νομῆες
736 3007 772 3049 ex
793 2992 880 3068 νομῆς
899 3007 935 3048 m.
950 3007 994 3063 pr.
1015 2991 1045 3046 in
1060 2989 1091 3048 O.
1106 3021 1143 3032 -
1158 2988 1197 3049 12
1218 3010 1261 3056 τις

16 3145 18 3148 ,
125 3085 165 3144 δε
179 3085 227 3157 Μ;
247 3083 414 3164 δικασπολίη
427 3085 473 3156 Α;’
490 3078 577 3142 ἔκλυε
592 3084 722 3156 cLNP;
743 3082 853 3162 νύμφης
867 3100 902 3142 ex
916 3079 1034 3160 νύμφεις
1046 3084 1088 3141 Μ.
1103 3083 1191 3144 -13
1212 3083 1260 3160 ἀρ·

17 3171 35 3259 ᾗ,
130 3195 211 3255 γετης
224 3177 257 3235 Μ
273 3186 298 3250 1,
320 3173 438 3254 ὀργειης
450 3177 484 3235 Μ
499 3185 525 3235 2.
536 3209 573 3220 -
583 3173 719 3255 Ἀργείης·
742 3175 817 3253 ἀτὰρ
831 3173 919 3234 αόταί
926 3179 1012 3235 metri
1025 3177 1158 3234 nimirum
1173 3193 1261 3236 eausa

16 3268 19 3272 ¹
128 3271 206 3332 coni·
227 3270 368 3330 Wemike
395 3270 433 3329 ad
458 3271 565 3344 Tryph.
592 3289 620 3345 p.
641 3278 702 3344 39.;
726 3267 897 3349 ἐθηήσασθε
915 3271 980 3330 Ma
1007 3287 1042 3329 ex
1066 3267 1259 3348 ἐθηήσασθαι,

15 3418 23 3450 ³
129 3375 318 3491 ἐθηήσαοθύι
333 3414 357 3486 Q
378 3419 616 3488 (0011.11.100.);
633 3414 781 3490 μολούσας
795 3416 868 3475 eoni.
883 3415 1120 3475 Hemsterhusius
1140 3415 1170 3471 in
1183 3415 1261 3473 notis

14 3518 20 3548 ²·
126 3507 171 3566 ad
190 3507 352 3566 Lucianum
370 3508 479 3567 Toml
498 3526 526 3581 p.
542 3517 598 3568 252
618 3515 648 3566 01
665 3508 785 3580 Lennep
803 3509 833 3565 in
852 3509 942 3577 notis,
963 3507 1027 3565 ubi:
1055 3505 1104 3566 »Si
1123 3507 1261 3578 vulgatae

16 3601 18 3604 ’
130 3599 284 3666 standum.
311 3600 348 3659 de
367 3603 439 3674 ipsis
460 3601 601 3675 Nymphis
621 3601 753 3660 Troianis
783 3602 857 3659 haea
881 3599 1084 3672 intelligenda:
1115 3600 1139 3657 si
1164 3605 1261 3659 tamen

129 3709 246 3752 meeum
267 3709 391 3767 reponas
410 3691 572 3769 μολούσας,
599 3696 636 3754 de
656 3694 766 3753 deabus
786 3695 910 3766 Iunone,
936 3693 1048 3752 Venere
1069 3699 1100 3752 01
1119 3692 1262 3767 Minerva,

126 3803 254 3860 quarum
269 3788 377 3846 mentio
391 3805 433 3846 rs.
449 3796 483 3848 11
499 3789 557 3848 iam
570 3787 657 3860 10010,
678 3787 716 3845 ad
729 3787 811 3846 Idam
825 3787 1048 3860 properantibus
1067 3788 1132 3860 oapi
1146 3787 1261 3847 debet«.

128 3879 242 3940 Contra
256 3896 342 3951 quem
352 3880 454 3939 Herm.
475 3901 503 3956 p.
520 3889 547 3943 8.
563 3889 579 3941 9
603 3881 762 3958 »μολοῦσαι
776 3882 802 3940 si
816 3897 851 3940 ex
864 3881 1078 3940 Hemsterhusii
1092 3884 1262 3943 coniectura

130 3976 162 4030 in
173 3969 324 4048 μολούσας
336 3981 507 4048 mutaretur,
526 3983 613 4034 antea
628 3976 811 4034 scribendum
824 3979 888 4032 0101
908 3971 1077 4054 ἀθανάτησι.
1109 3975 1168 4034 Sed
1180 3982 1261 4035 10010

126 4067 272 4126 librorum
293 4068 469 4142 scripturam
494 4071 620 4128 serravit
640 4069 781 4142 Iulianus,
809 4067 997 4142 defenditque
1022 4069 1261 4130 0011001Ηο110]-
