3078 4654
593 335 824 398 -101-

144 531 231 588 quum
250 533 306 576 non
327 524 493 591 corruptum
514 520 646 580 videatur
665 521 769 594 πάντα,
800 523 902 582 deesse
924 523 1192 598 resumpturum
1212 539 1270 596 quo

143 609 354 670 subsmndvnm
377 616 451 684 erat,
471 613 608 684 virtutes,
628 615 743 688 laudes,
765 615 871 674 decora
890 607 1081 686 significans«
1122 617 1203 689 Quae
1222 618 1267 678 vel

141 702 267 762 Lehrsio
286 721 343 764 non
363 707 519 780 persuasit,
541 713 570 766 et
590 708 706 780 quidem
725 715 814 777 recte,
834 723 900 766 uem
915 723 990 780 quae
1003 705 1079 768 bens
1093 709 1268 771 estsehnei·

143 796 208 854 deri
228 814 256 869 p.
272 803 328 856 443
349 798 521 872 observatio,
546 801 639 872 »quod
653 801 836 860 Hermannns
858 800 1044 860 desiderabat
1063 813 1174 874 nomen,
1195 806 1267 864 satis

141 905 215 964 illud
227 905 393 965 indicatum
409 914 454 966 est
467 925 537 967 voce
556 906 742 985 αριστεύων.τ
768 943 800 952 -
824 909 886 969 285
907 929 1045 986 ειμιγνναι
1057 910 1107 982 Μ;
1123 877 1208 988 φΐλος
1227 916 1266 987 Q;

143 1032 177 1040 —
200 1015 231 1058 v.
253 996 317 1058 288
344 1000 427 1060 deest
451 1001 481 1058 in
501 1001 534 1059 Μ
541 1020 549 1073 ;
569 1001 712 1079 δαρδάνος
731 1004 770 1075 Ρ;
795 1035 825 1046 ·-
850 1002 911 1063 287
931 996 957 1080 ᾧ
975 1002 1024 1060 καλ
1044 1019 1079 1061 ex
1099 1004 1132 1062 M
1149 1005 1267 1066 Bekker

142 1091 289 1165 etLehrs‚
310 1087 394 1152 ἔνθεν
414 1094 476 1152 rell.
499 1095 582 1154 codd.
598 1101 628 1154 et
646 1095 723 1166 edd„
743 1098 832 1155 etiem
845 1096 953 1168 Iulieu3
974 1092 1108 1173 otlupmo
1120 1099 1162 1171 M,
1183 1093 1266 1176 ι’νλαμ-
1326 1159 1328 1164 ,

140 1205 204 1242 ποιο
224 1185 259 1254 R,
280 1184 380 1245 ἀποολ.
403 1188 440 1259 Q3
462 1184 622 1264 ξεινὴοντετ
641 1189 677 1258 Ρ,
699 1186 857 1266 ξοινὴοντες
878 1190 915 1262 Q,
938 1187 1079 1266 ξεινὴονες
1098 1192 1161 1249 rell.
1182 1192 1264 1252 codd.

142 1279 216 1338 dett.
238 1286 268 1338 et
288 1281 354 1338 edd.
376 1288 443 1339 ante
463 1281 655 1355 Lennepium‚
682 1284 730 1354 qui
751 1282 948 1357 adstipulante
968 1283 1117 1357 Dorvillio,
1137 1285 1168 1342 id
1188 1283 1264 1356 qnod

141 1374 231 1431 etiam
258 1375 285 1430 in
306 1373 339 1431 M
361 1380 455 1445 extat,
481 1373 616 1452 ξυνήονες
640 1391 675 1433 ex
700 1378 866 1434 coniectura
889 1378 1032 1449 reposuit;
1053 1409 1088 1419 -
1113 1374 1202 1453 ἄμφω
1221 1378 1263 1451 Μ,

138 1462 234 1544 ἔργων
254 1484 306 1540 pro
326 1466 439 1543 ἀνδρῶν
460 1469 532 1528 coni.
567 1468 709 1528 Teurnier
728 1487 756 1542 p.
778 1477 825 1542 35,
850 1467 917 1531 fort..
941 1475 1030 1542 recte,
1056 1467 1107 1527 cfr.
1129 1466 1264 1546 ξονὴονμτ

137 1555 235 1636 ἔργων
255 1561 324 1619 Hes.
342 1561 451 1634 Theog.
473 1569 537 1620 595.
553 1569 617 1621 ool.
642 1593 673 1602 —
696 1560 759 1620 288
778 1557 933 1638 θηλεύοασι
945 1562 984 1634 R3
1006 1559 1205 1635 ἀθανατοίΜ;
1225 1591 1262 1604 -·

138 1651 447 1722 assecuturum,
474 1646 511 1710 ὧν
530 1652 547 1709 d
564 1651 618 1730 μὲν
642 1653 706 1712 rell.
729 1654 813 1712 codd.
834 1659 864 1712 et
888 1652 953 1712 edd.
979 1670 1092 1728 omnes,
1120 1648 1155 1711 τῖν
1175 1652 1262 1730 ὃμὲν

135 1747 228 1805 tacite
256 1748 372 1819 scripsit
395 1747 543 1805 Hermann
568 1764 596 1819 p.
618 1754 666 1806 20.
703 1745 822 1823 δώματα
842 1747 877 1820 Α,
898 1744 1017 1824 deiparat
1040 1748 1078 1820 ας
1098 1767 1197 1826 τειγεα
1215 1750 1262 1826 Μ;

138 1873 177 1882 -
204 1837 270 1898 280
297 1857 396 1917 τειχεα
417 1839 616 1916 μαρμαίροντα
641 1835 679 1895 τὰ
702 1836 849 1895 ποσειὸάω
873 1839 914 1897 Μ.
954 1840 1025 1898 Post
1049 1841 1124 1900 hune
1148 1858 1260 1901 versum

136 1934 262 1991 lacunae
282 1934 366 2005 signa
385 1940 544 2006 posuerunt
557 1933 675 1992 Bekker
696 1938 725 1990 et
742 1932 845 1990 Lehrs.
876 1932 922 1990 De
942 1948 994 1992 vv.
1009 1931 1081 1992 289.
1103 1932 1169 1993 280
1189 1935 1261 1994 haec

136 2023 271 2084 Graefius
292 2043 320 2098 p.
336 2031 406 2084 254:
431 2027 552 2098 »Aptius
565 2024 642 2084 foret
661 2023 709 2081 oia
724 2021 778 2100 μὲν
791 2021 836 2098 tp.
852 2041 877 2082 ν.
892 2039 952 2096 seq.
966 2025 1074 2097 pendet
1087 2025 1124 2084 ab
1138 2029 1261 2086 auctori·

135 2124 201 2176 tate
223 2117 292 2176 Ood.
307 2119 359 2186 M„
379 2135 416 2176 an
434 2118 635 2194 μαρμαίροντα
653 2118 793 2190 vulgatae
813 2115 954 2190 praeferri
974 2124 1127 2178 mereatur.
1158 2119 1260 2180 caete·

135 2229 202 2270 rum
223 2213 292 2284 quid
317 2219 382 2285 post
409 2213 484 2270 hune
509 2228 621 2270 versum
649 2211 797 2285 exciderit,
817 2212 991 2284 intelligitur
1011 2228 1027 2270 e
1052 2230 1077 2270 v.
1099 2220 1155 2272 310
1175 2228 1196 2270 s.
1218 2215 1259 2272 ni·

135 2307 241 2363 mirum
262 2305 403 2364 distichon
424 2304 602 2364 huiusmodi:

291 2413 411 2472 πολλάκι
431 2410 458 2470 δ’
482 2411 513 2472 ἐν
533 2412 643 2492 σύριγγι
663 2414 806 2492 λιγύπνοον
826 2412 928 2491 ἆσθμα
948 2419 1084 2487 τιταίνων,

185 2527 187 2532 ·
292 2508 335 2574 εἷς
355 2507 439 2584 νομὸν
459 2507 646 2566 εῖλιπόδεσσιν
666 2505 810 2584 ἐφέσπετο
828 2507 929 2582 βουσὶν
944 2507 1092 2582 Ἀπόλλων,

135 2627 188 2684 ubi
202 2628 358 2700 repetitum
369 2625 507 2685 Ἁπόλλων
522 2643 648 2686 errorem
668 2627 809 2700 peperit«
841 2628 935 2685 Aliter
955 2627 991 2685 de
1012 2627 1148 2686 hocloco
1169 2627 1260 2686 sensit

139 2721 286 2779 Hermann
308 2739 336 2794 p.
353 2729 403 2780 20:
427 2721 573 2792 »quamvis
593 2720 689 2779 multis
710 2721 739 2777 in
760 2719 831 2778 lucis
852 2721 982 2778 mutilum
1003 2721 1114 2779 sithoc
1134 2736 1258 2792 carmen,

135 2820 234 2872 tamen
255 2819 323 2887 post
341 2815 393 2872 lros
414 2830 513 2872 versus
536 2813 585 2885 qui
605 2812 713 2885 aliquid
729 2813 869 2871 excidisse
882 2818 995 2885 putent,
1017 2830 1051 2873 co
1065 2813 1167 2885 opinor
1180 2813 1258 2886 moti,

138 2906 217 2978 quod
237 2923 323 2979 quum
345 2903 361 2962 o
380 2903 432 2982 μὲν
453 2906 560 2976 dixerit
579 2910 681 2978 poeta,
710 2904 816 2964 deinde
834 2906 970 2980 Neptuno
991 2905 1078 2964 etiam
1097 2905 1259 2979 Apollinem

137 2999 288 3072 adiungat,
303 2999 387 3056 nimis
397 2998 507 3070 rigidas
519 2998 589 3056 mihi
601 2996 736 3056 videntur
749 2997 868 3056 dictioni
882 2999 1013 3071 poeticae
1027 3000 1108 3072 leges
1122 2999 1258 3058 scribere.

138 3093 172 3152 Si
191 3098 288 3152 tamen
309 3091 418 3163 aliquid
439 3091 555 3158 excidit,
576 3089 702 3149 nonfuit
718 3090 747 3147 id
762 3090 849 3163 alind,
870 3091 895 3149 si
909 3091 978 3162 quid
992 3107 1046 3164 ego
1059 3092 1154 3161 video,
1174 3108 1258 3164 quam

140 3202 214 3243 unns
236 3201 350 3257 versus,
377 3184 413 3241 de
439 3200 495 3255 qno
519 3183 617 3241 nescio
638 3199 675 3241 an
695 3183 804 3254 aliquid
823 3183 923 3242 indicii
942 3183 1031 3243 faciet
1051 3186 1194 3256 scriptura
1213 3201 1259 3242 co·

138 3279 209 3338 diois
229 3279 303 3337 Met.
325 3280 373 3351 qui
393 3295 446 3352 pro
464 3274 504 3354 μὴ
524 3277 658 3334 πίπτοντα
679 3276 796 3334 exhibet
812 3275 1018 3353 μαρμαίροντα.
1053 3276 1087 3335 Id
1106 3275 1259 3335 Bekkorus

136 3374 200 3430 iure
214 3372 382 3445 posthabuit
396 3371 540 3443 vulgatae,
561 3385 635 3441 quae
650 3370 738 3428 multo
752 3369 854 3429 tortior
868 3375 922 3428 est.
953 3369 1028 3442 Quid
1041 3385 1109 3428 vcro
1124 3369 1149 3426 si
1163 3375 1258 3426 tamen

137 3483 207 3525 vera
229 3473 274 3525 est
294 3466 401 3525 codicis
422 3467 499 3523 illius
520 3466 674 3536 scripture,
699 3465 850 3523 coniuncte
870 3464 984 3536 quidem
1005 3479 1068 3520 cum
1088 3462 1219 3533 vulgate:

342 3570 383 3632 ὧν
403 3572 419 3631 ὃ
436 3572 491 3651 μὲν
511 3571 652 3650 ἡμετέρης
671 3571 827 3650 δωμήσατο
844 3572 945 3651 τείχεα
964 3571 1082 3648 πάτρης,

341 3665 443 3743 τείχεα
460 3665 670 3740 μαρμαιροντα,
694 3662 861 3722 Ποσειδάων
881 3663 930 3721 καλ
945 3661 1092 3737 Ἀπόλλων,

343 3757 443 3836 τείχεα
452 3755 499 3836 ,μὴ
519 3754 653 3815 πίπτοντα
684 3795 1073 3815 .........
1077 3780 1091 3812 ι

140 3873 256 3946 Optime
277 3871 314 3928 de
333 3870 471 3928 hocloco
491 3869 632 3927 iudicavit
646 3868 807 3928 Schneider
822 3885 851 3942 p.
865 3876 935 3928 413:
958 3870 1164 3929 »certissimum
1185 3874 1259 3928 este

137 3983 182 4024 vv.
204 3971 259 4024 309
275 3997 302 4004 -
314 3970 369 4022 311
390 3962 573 4020 intercidisse
601 3963 648 4020 hic
667 3962 813 4035 Apollinis
830 3978 935 4034 greges
955 3963 1095 4022 troianos
1114 3961 1259 4037 pascentis

137 4057 312 4140 memoriam.
354 4056 406 4115 sed
427 4056 511 4128 plura
531 4055 619 4114 etiam
646 4055 863 4118 interciderunt.
895 4063 928 4114 nt
949 4057 1024 4114 enim
1043 4072 1119 4114 nnnc
1137 4071 1184 4113 res
1206 4061 1258 4121 est,
