3092 4662
605 287 815 349 ..49-

150 473 275 531 nuncin
295 472 436 544 Koechlyi
462 471 589 530 editione
608 477 698 543 recte,
719 478 751 531 ut
771 471 894 544 videtur,
915 471 1020 530 divulsi
1040 472 1114 530 alius
1134 472 1191 532 alio
1212 473 1275 531 loco

144 567 289 639 leguntur.
335 565 501 624 Hermanno
533 572 635 624 tamen·
661 584 690 638 p.
718 573 762 625 12.
795 573 830 624 13
862 565 1001 625 Wernike
1029 566 1085 624 hoc
1118 565 1182 638 ipso
1212 566 1275 624 loco

151 665 319 732 comparato
339 675 433 732 paene
453 659 588 733 probavit
606 661 741 734 mutilum
759 675 823 718 esse
838 659 963 719 colluthi
985 663 1095 717 textum
1115 659 1276 730 vulgatum,
1338 657 1341 666 '

146 759 304 826 praeterea
330 753 377 809 »in
405 752 468 811 cod.
488 753 563 811 Mnt.
584 754 661 825 quod
686 755 808 826 legitur,
835 752 883 810 καλ
903 751 1006 830 πτερόν
1028 750 1194 826 tannacum,
1220 753 1275 811 etsi

146 845 241 904 videri
262 849 360 918 potest
380 860 416 901 ex
436 843 485 900 καί
503 843 609 924 περόνη
629 842 754 902 θυόεντα
774 853 941 918 corruptum
963 863 1041 918 esse,
1067 849 1164 904 tamen
1188 852 1222 905 ut
1245 847 1276 903 in

144 938 226 1009 loco,
252 938 281 994 iu
302 953 358 1008 quo
380 938 442 994 sine
468 936 606 994 librorum
633 937 740 996 auxilio
765 938 837 996 nihil
864 938 937 996 certi
962 937 1058 996 afferri
1083 942 1194 1010 potest,
1219 954 1275 996 non

143 1030 259 1088 omnino
280 1029 451 1102 spreverim.
482 1027 566 1099 Nam,
587 1033 621 1085 ut
639 1035 706 1102 post
725 1026 774 1084 καὶ
793 1031 897 1108 περόνη
918 1030 1082 1088 exciderint
1100 1030 1204 1088 similia
1218 1029 1275 1086 illis

144 1121 223 1195 apud
237 1122 380 1193 Nonnum‚
396 1121 471 1179 nihil
484 1120 606 1194 impedit
620 1122 689 1192 quin
703 1122 808 1180 deinde
824 1124 883 1182 tale
898 1124 968 1196 quid
991 1125 1106 1183 dederit
1122 1123 1274 1183 Goluthus:

340 1264 389 1321 καλ
408 1262 514 1323 πλόκον
534 1262 688 1323 ίόυνόέντα
708 1263 889 1344 διαστήσασα
909 1265 1037 1341 κομάων,

147 1399 225 1471 quod
244 1399 339 1472 ipsum
359 1399 452 1458 videri
472 1406 570 1472 potest
590 1416 758 1473 expressum
787 1417 851 1460 esse
881 1417 916 1459 ex
935 1402 1031 1461 Nonni
1056 1402 1152 1470 perbis
1173 1402 1274 1461 eodem

144 1494 209 1552 loco
230 1509 255 1552 v,
271 1499 307 1550 12
351 1491 471 1550 πολλάκι
490 1491 515 1549 δ’
535 1492 675 1558 ίσάζουσα
695 1491 865 1570 καθειμένον
886 1491 955 1573 ἄχρι
972 1491 1108 1570 μετώπου

350 1582 526 1662 πλαζομένης
546 1581 653 1663 ἔστησε
670 1584 817 1663 μετηλυδα
837 1584 946 1662 κόσμον
968 1583 1111 1664 ἐθείοηςκ
1154 1588 1209 1659 Qui
1233 1589 1274 1648 lo·

144 1695 195 1738 cus
225 1694 302 1736 nuuc
330 1678 416 1749 longe
448 1679 535 1737 aliter
560 1679 668 1751 legitur
693 1679 771 1752 apud
795 1680 982 1752 Koechlyum.
1030 1680 1156 1739 Colluthi
1180 1682 1274 1741 locum

142 1774 326 1831 sanissimum
347 1788 411 1832 esse
436 1773 551 1846 putavit
571 1773 729 1832 Schneider
748 1791 777 1846 p.
791 1781 857 1832 434.
878 1781 950 1846 4353
979 1791 1066 1832 »nam
1091 1772 1195 1852 περόνη
1219 1793 1275 1836 vox

143 1867 284 1925 etiamad
299 1867 418 1940 capillos
433 1864 585 1924 transferri
599 1867 708 1939 potnit,
729 1873 761 1925 ut
780 1865 888 1925 factum
908 1869 938 1924 in
953 1864 1079 1940 cognata
1099 1884 1169 1927 voce
1182 1867 1274 1946 πόρπη

144 1959 223 2034 apud
245 1959 364 2018 Luciam.
386 1959 422 2018 de
443 1960 518 2018 dom.
542 1966 572 2018 i:
592 1959 685 2036 πόρπη
707 1978 749 2024 τις
769 1954 786 2034 ἢ
807 1959 900 2017 ταινία
925 1957 958 2016 τὸ
984 1959 1092 2037 ἄφετον
1112 1961 1164 2038 τῆς
1183 1959 1275 2038 κόμης

146 2051 316 2112 συνδέουσα.
349 2054 419 2126 [Ubi
434 2059 529 2112 tamen
543 2058 610 2127 post
622 2051 714 2131 πόρπη
728 2069 840 2112 comma
854 2054 923 2127 poni
936 2069 1023 2126 posse
1038 2054 1109 2113 vidit
1122 2054 1273 2123 Touruier,

142 2165 172 2220 p.
188 2155 234 2220 20,
256 2148 305 2218 qui
324 2149 423 2220 aptius
448 2145 560 2205 confert
579 2145 666 2219 Verg.
687 2147 759 2204 Aen.
782 2146 835 2204 Vll
859 2153 1011 2205 815-816
1034 2147 1092 2204 »Ut
1110 2145 1200 2204 fibula
1219 2147 1273 2204 cri-

142 2257 209 2298 nem
234 2242 314 2300 Auro
339 2240 552 2314 internectatu]
601 2239 684 2311 Quod
709 2243 808 2299 autem
839 2238 954 2299 Graefio
980 2239 1130 2299 offensioni
1155 2239 1273 2298 fuerunt

143 2334 314 2394 coniunctae
334 2337 419 2394 rocca
439 2331 588 2407 πλόκαμος
615 2330 763 2409 ε1χαίτη,
789 2348 846 2390 non
871 2331 982 2391 faciunt
1009 2333 1126 2404 quidem
1151 2334 1273 2392 multum

146 2428 185 2487 ad
206 2427 360 2486 defendum
381 2427 438 2486 duo
459 2426 598 2498 Hesychii
622 2426 679 2485 loci
705 2428 782 2496 (nam
811 2425 868 2484 duo
894 2432 974 2498 suut,
995 2443 1054 2486 non
1073 2432 1173 2500 uuus),
1200 2444 1271 2499 qnos

147 2523 282 2580 attulisse
297 2520 413 2579 Juliano
427 2517 514 2577 laudo
528 2518 617 2576 vertit
629 2517 810 2574 Hermauuus
831 2518 873 2592 [p.
889 2521 950 2592 13]:
971 2515 1124 2594 πλόκαμοι·
1140 2517 1272 2577 κόνδυλοι

148 2615 257 2694 τριχῶν
276 2610 470 2700 πεπλεγμένοι,
491 2618 534 2671 et:
554 2610 653 2690 χαίτη·
675 2609 692 2689 ἡ
712 2607 757 2667 ἐπὶ
776 2607 827 2666 τοὺ
841 2607 986 2688 ’τραχήλου
1001 2609 1076 2687 θρίξ,
1098 2613 1201 2683 quibus
1214 2629 1271 2672 non

143 2708 295 2783 probatur,
317 2707 393 2780 qnod
418 2706 536 2781 probari
556 2705 680 2778 putabat
698 2705 846 2777 Julianus,
866 2721 924 2763 non
944 2720 1102 2776 synonyma
1122 2721 1186 2763 esse
1206 2703 1271 2760 πλό-

143 2821 240 2876 καμος
260 2806 290 2861 et
306 2799 403 2879 χαίτη,
423 2806 456 2858 nt
477 2806 600 2871 utraque
620 2815 675 2857 vox
695 2798 830 2870 coniungi
850 2799 951 2871 possit.
990 2803 1121 2871 poterat,
1142 2802 1175 2855 ut
1194 2798 1270 2871 quod

143 2897 262 2956 volebat
281 2895 434 2968 probaret,
458 2895 548 2966 priori
568 2892 706 2964 Hesychii
727 2892 841 2964 glossae
862 2907 1009 2965 apponere
1034 2891 1121 2950 aliam
1142 2893 1271 2950 eiusdem

141 2990 342 3063 lexicographi
366 2991 454 3048 banc:
478 2990 591 3066 χαῖται·
617 2986 648 3044 αἱ
670 2985 866 3066 κεχυμέναι
890 2985 1003 3064 τρίχες,
1029 2986 1082 3044 sed
1101 2987 1272 3060 praestabat

143 3084 303 3144 admonere
322 3084 378 3142 loci
401 3082 556 3151 Homerici,
578 3081 611 3138 Il.
634 3083 684 3153 17,
705 3087 740 3139 51
763 3077 864 3156 αἵματί
877 3079 906 3136 οἱ
924 3076 1041 3137 δεύοντο
1062 3078 1171 3157 κόμαι
1187 3080 1272 3159 χαρί-

140 3195 240 3234 τεσσιν
260 3174 354 3253 ὁμοῖαι
374 3174 532 3253 πλοχμοί
546 3169 576 3230 θ’
600 3171 631 3230 οἳ
645 3177 750 3251 χρυσῷ
767 3191 800 3229 τε
819 3171 868 3229 καλ
888 3169 1008 3250 ἀργύρῳ
1028 3170 1226 3250 ἐσφήκωντοκ

220 3269 337 3338 Melius,
359 3275 439 3341 puto,
459 3267 495 3325 de
508 3266 564 3327 hoc
577 3267 641 3326 loco
659 3265 804 3324 sentiebat
818 3264 949 3324 Graefius
962 3283 990 3339 p.
1006 3273 1074 3325 244:
1098 3265 1270 3324 »Ooluthum

142 3379 180 3422 ex
201 3362 290 3420 allato
304 3361 399 3420 Nouni
420 3361 483 3419 loco
499 3359 652 3418 emendare
667 3357 792 3417 debehat
805 3357 981 3417 Wernikius.
1012 3358 1174 3417 Admodum
1195 3360 1270 3418 enim

143 3467 297 3530 suspectus
318 3455 406 3528 gemit.
438 3451 570 3529 κομάων,
596 3459 663 3511 aute
683 3451 849 3528 πλοκάμους
874 3469 899 3511 ν.
921 3469 943 3510 s.
971 3458 1001 3510 et
1023 3451 1140 3530 χαίην,
1166 3459 1197 3512 et
1220 3455 1270 3526 qui

139 3568 166 3606 v.
183 3555 240 3608 134
267 3553 352 3607 acute
379 3547 551 3607 emendabat
576 3545 687 3622 κόσμον
713 3543 831 3625 ἐόείρης
858 3551 901 3618 (et
926 3548 1038 3606 acutius
1064 3544 1269 3606 f.cens.Ha1.

139 3641 249 3718 κόσμια
267 3639 384 3719 χαίτης)
405 3657 463 3700 non
483 3641 614 3713 videbat,
640 3641 769 3713 ineptum
788 3639 891 3718 χαίτην
917 3659 942 3698 ν.
958 3647 994 3700 33
1016 3657 1032 3699 e
1052 3658 1077 3701 v.
1093 3647 1148 3700 133
1174 3657 1269 3700 ameu-

142 3734 270 3794 daudum
292 3731 377 3794 esse?
408 3735 479 3806 Quis
500 3735 576 3793 enim
596 3735 639 3792 sic
657 3735 760 3805 iungat
779 3731 946 3808 πλοκάμους
966 3739 996 3792 et
1013 3732 1125 3812 χαίτην,
1147 3736 1204 3794 etsi
1222 3735 1268 3795 Jo.

140 3828 210 3887 aaz.
233 3845 260 3886 v.
276 3833 333 3886 224
359 3843 416 3887 non
440 3829 531 3888 multo
558 3827 661 3886 melius
681 3825 847 3903 πλοκάμους
872 3831 903 3886 et
929 3825 1037 3906 κόρσην
1063 3827 1163 3888 iunxit.
1202 3829 1269 3889 Jam

142 3917 308 3995 πλοκάμους
328 3919 414 3979 facile
434 3926 528 3980 mutes
548 3921 579 3979 iu
597 3919 743 3998 παλάμας
763 3920 815 3979 sed
836 3922 854 3979 l.
868 3921 887 3978 l.
904 3927 958 3980 133
974 3937 996 3980 s.
1019 3938 1075 3981 una
1088 3938 1151 3980 cum
1166 3923 1268 3982 Nouuo

140 4019 292 4086 monstrat,
313 4013 497 4072 scribendum
517 4031 596 4074 esse:

189 4108 214 4148 E.
229 4107 314 4156 Abel,
332 4106 456 4150 Corinthus.
1046 4112 1064 4160 4
