3092 4662
639 287 855 350 -37.„

183 473 203 532 i.
224 491 250 532 v.
265 476 321 534 375
342 472 427 532 modo
441 487 532 531 nexus
553 471 594 530 ibi
614 472 712 531 sanior
726 478 812 531 esset.
845 472 1009 532 Litterarum
1023 472 1154 546 apicibus
1167 472 1303 532 insistens

183 582 287 626 censor
298 566 366 624 Hal.
379 567 399 624 l.
415 582 439 624 c.
455 563 590 623 eliciebat
606 559 749 640 Ἀπάτης
766 564 900 640 βασίλεια
914 561 1131 644 κοιἈρμονιηςι
1146 567 1189 624 ita
1201 581 1302 639 posses

183 666 213 718 et
233 655 345 736 άκτης
361 659 430 735 βοσ.
452 663 485 717 ιιι
503 664 573 717 ιιοιο
598 663 642 717 est
665 659 762 718 Venus
789 661 818 717 in
845 659 980 720 litoribus
1004 661 1097 729 culta,
1123 657 1174 717 cfr.
1194 676 1220 717 v.
1236 665 1301 718 202.

182 771 205 813 s.
226 758 257 811 et
276 750 387 812 faceret
411 751 551 810 eiusmodi
571 752 668 810 Venus
692 751 808 811 litorum
833 752 871 810 ad
892 751 1044 811 Thetidem
1071 753 1224 822 marinam3
1250 749 1302 810 aed

182 852 334 916 utrumque
354 861 411 904 non
437 845 528 901 minus
549 843 675 902 alienum
701 849 746 902 est
766 844 802 903 ab
823 843 957 922 ἁρμονίην,
982 860 1067 916 quam
1092 845 1118 903 si
1143 837 1303 921 οιιίιἈι-ης

182 939 331 997 scriberet.
372 937 431 996 Sed
456 937 511 995 hac
531 936 577 994 via
596 935 715 995 offerret
743 953 775 995 se
801 937 888 996 etiam
914 933 1025 1013 άηάπης
1049 935 1118 1011 βαο.
1139 942 1238 1011 aptum
1263 935 1301 995 ad

183 1046 306 1100 sensum,
326 1029 412 1089 modo
431 1028 537 1088 idonea
553 1033 657 1102 poetae
672 1031 845 1089 anctoritate
858 1030 931 1088 haec
943 1047 999 1090 vox
1012 1028 1173 1089 confirmari
1192 1035 1300 1103 posset.

282 1123 343 1181 Iam
369 1121 541 1183 coniecturis
567 1122 643 1180 latus
667 1127 751 1194 patet
775 1138 906 1195 campus:
936 1118 1001 1179 οὐδ’
1022 1119 1160 1199 Ἰςοοτοῦς
1181 1121 1212 1196 β.
1232 1118 1300 1180 οὐδὲ

180 1213 282 1272 Πόθον
293 1214 323 1289 β.
339 1210 372 1271 οὐ
388 1213 521 1289 Χαρίτων
534 1213 564 1289 β.
580 1209 647 1270 οὐδὲ
661 1212 751 1290 γάμον
763 1213 793 1285 β.
807 1210 840 1270 οὐ
854 1213 953 1292 κοίτης
970 1214 1000 1290 β.
1022 1221 1073 1273 aut
1091 1215 1215 1286 deniqne
1234 1209 1298 1271 οὔδ’

179 1305 263 1386 εὐνῆς
273 1305 303 1381 β.
323 1307 353 1364 in
367 1307 444 1379 quod
459 1312 489 1364 et
501 1307 582 1364 Dem.
598 1305 703 1378 Popoff
712 1306 821 1376 incidit,
842 1307 967 1366 omnium
980 1305 1000 1364 f.
1014 1308 1154 1381 optimum
1167 1305 1218 1366 cfr.
1233 1314 1298 1367 202.

179 1401 220 1459 Ει
240 1406 273 1459 ut
291 1401 362 1458 nihil
388 1401 560 1457 intentatum
587 1399 796 1471 relinquamus,
820 1396 945 1458 fortasse
967 1393 1116 1476 Ἀφροδίτη
1142 1405 1188 1458 est
1211 1399 1298 1458 inter-

178 1497 401 1565 pretamentum,
421 1507 484 1548 cum
499 1494 587 1562 poeta
600 1489 741 1547 dedisset:
762 1486 829 1545 οὐδ’
849 1485 920 1566 αὐτη
937 1488 1071 1564 βασίλεια
1091 1488 1140 1546 και
1154 1488 1298 1568 Ἀρμονίης

180 1580 384 1660 γενέτειρα,
414 1583 439 1640 si
459 1570 574 1654 quidem
596 1588 625 1640 ct
644 1587 737 1641 mater
757 1588 787 1641 ct
805 1585 908 1655 regina
927 1583 1101 1642 Harmoniae
1122 1583 1219 1642 Venus
1240 1585 1298 1644 dici

176 1682 322 1750 poterat«.
354 1709 385 1718 -
414 1675 542 1734 »Censor
561 1675 817 1748 Heidelbergensis
843 1676 966 1735 coniecit
985 1674 1187 1753 οοναρμονίης,
1211 1693 1296 1749 quam

178 1786 276 1828 vocem
297 1769 490 1828 Schneiderus
516 1769 544 1826 in
568 1768 680 1827 lexicon
700 1785 782 1827 suum
802 1774 835 1826 ot
853 1768 938 1827 valde
962 1768 1079 1827 dubiam
1103 1771 1200 1829 nescio
1220 1769 1296 1830 unde

178 1863 327 1922 intulerat.
357 1862 512 1920 Passovius
533 1862 636 1919 omisit.
667 1859 834 1918 Wernikius
860 1861 920 1936 [ap.
941 1861 1119 1936 Bekkerum]
1144 1862 1231 1920 aliurn
1250 1878 1295 1921 re-

177 1955 253 2026 quiri
273 1956 431 2026 genitivum
451 1954 560 2026 videns,
580 1954 673 2012 latere
687 1970 752 2012 cum
765 1955 795 2011 in
809 1969 879 2013 voce
900 1950 971 2032 αὐτη
983 1953 1116 2026 putabat.
1147 1955 1193 2013 lto
1206 1955 1295 2014 sensit

176 2046 265 2104 etiam
285 2047 335 2118 qni
354 2042 416 2104 odd'
441 2044 553 2124 Ἀπάτης
570 2043 705 2122 βασίλεια
724 2047 855 2118 coniecit,
881 2046 958 2118 quod
978 2063 1035 2105 non
1056 2047 1209 2106 convenire
1227 2047 1295 2105 huic

172 2139 238 2198 loco
258 2145 339 2196 recte
359 2140 470 2198 monuit
489 2136 629 2198 Graefius.
668 2139 700 2197 Si
719 2139 853 2212 genitivis
873 2139 939 2198 aliis
965 2155 1037 2212 opus
1059 2144 1116 2211 est,
1143 2139 1204 2196 talc
1224 2137 1293 2210 quid

172 2232 315 2304 scriptum
344 2232 485 2304 suspicari
511 2232 622 2304 licebit,
651 2228 715 2289 οὐδ’
745 2229 816 2310 αὐτη
838 2230 973 2308 βασίλεια
995 2228 1201 2310 χοροπλεκέων
1229 2229 1293 2306 ὑμε-

174 2323 262 2381 ναίων
276 2323 325 2380 καέ
340 2324 488 2400 γλυκεροῖο
502 2323 605 2402 πόθοιο
620 2322 669 2381 καὶ
682 2322 815 2403 ἁρμονίης
831 2321 988 2402 Ἀφροδίτη.
1024 2325 1075 2384 Sin
1088 2325 1180 2383 minus
1200 2325 1295 2398 potuit

172 2416 223 2474 ille
244 2416 371 2475 seribere
392 2415 462 2474 καθ’
487 2417 634 2496 ίρμονίην,
659 2425 692 2476 ιιι
715 2414 783 2492 μεθ’
807 2417 939 2495 ἁρμονίην
965 2415 1128 2495 Ἀφροδίτης
1155 2417 1293 2490 scriptum

172 2513 220 2566 est
240 2525 266 2566 v.
281 2511 346 2567 ets.
386 2509 445 2568 Sed
466 2511 490 2567 si
510 2525 607 2568 verum
627 2509 713 2569 fateri
733 2517 857 2583 oportet,
876 2511 947 2568 nihil
966 2512 1013 2570 bic
1032 2511 1106 2569 certi
1124 2510 1186 2568 sine
1207 2509 1290 2567 libris

171 2601 297 2659 inveniri
317 2607 441 2674 potest«.
471 2603 655 2661 Hermann.
675 2611 764 2676 p.1o.
786 2636 820 2644 —
841 2603 983 2662 Tournier
1002 2609 1125 2676 p.e.1o
1147 2603 1292 2674 vulgatam

172 2695 335 2765 lectionem,
357 2711 442 2766 qnam
461 2696 581 2768 retinui,
606 2696 733 2769 ineptam
759 2711 823 2754 esse
848 2694 1009 2766 contendit,
1034 2710 1098 2753 cum
1122 2694 1192 2751 nibil
1211 2692 1292 2752 alind

171 2785 337 2858 significare
350 2789 450 2860 possit,
471 2804 556 2860 quam
572 2803 683 2860 »neque
700 2789 806 2861 Venus,
827 2802 901 2860 quae
921 2789 986 2862 ipsa
1006 2787 1146 2846 mnnubio
1165 2795 1292 2860 praeest,

171 2877 205 2936 id
225 2885 282 2951 est,
307 2896 382 2951 quae
402 2882 542 2940 connubio
561 2880 639 2940 haud
664 2897 747 2940 secus
767 2887 854 2953 atque
873 2881 958 2954 Iuno,
983 2896 1053 2939 vera
1072 2879 1206 2939 connubii
1226 2879 1291 2951 dea,

172 2977 321 3046 praeest«,
348 2979 378 3030 et
402 2974 476 3032 hauc
498 2990 610 3046 qnoque
630 2975 816 3046 sententiam,
840 2975 915 3033 male
938 2990 995 3033 non
1015 2977 1082 3032 ante
1107 2968 1178 3051 αὐτη
1197 2973 1292 3046 posita

172 3066 276 3126 vocula
297 3067 352 3137 καί,
373 3083 428 3125 non
449 3067 520 3124 satis
541 3073 671 3126 correcte
685 3068 834 3140 exprimat.
865 3066 977 3125 Deinde
992 3066 1102 3139 pergit:
1125 3061 1203 3122 »οὐδ’
1222 3062 1291 3142 αὐτη

171 3173 359 3230 progressum
374 3158 516 3229 quendam
531 3159 670 3217 orationis
684 3157 814 3229 denotat,
834 3159 884 3229 qui
897 3159 992 3216 nullus
1010 3163 1063 3226 est,
1084 3158 1109 3216 si
1129 3158 1164 3216 ab
1184 3158 1291 3218 Iunone

171 3250 293 3310 deorum
312 3252 414 3322 regina
440 3251 478 3308 ad
498 3252 641 3310 Venerem
665 3251 797 3324 procedit
816 3256 920 3324 poeta,
945 3251 1115 3324 praesertim
1136 3267 1198 3308 cnm
1218 3250 1289 3309 Iuno

171 3342 235 3402 sola
259 3344 393 3402 connubii
417 3345 519 3416 regina
544 3346 607 3403 iure
636 3361 671 3404 ao
695 3346 798 3404 merite
831 3344 888 3402 dici
913 3345 1033 3418 possit«⁴
1076 3345 1172 3415 Quare
1197 3349 1290 3402 trans

170 3437 274 3508 positis
293 3436 482 3494 hemistichiis
502 3438 595 3496 locum
615 3439 658 3496 sic
677 3438 838 3498 constituit:

326 3545 382 3602 τῶν
402 3544 436 3603 δὲ
453 3541 526 3621 μεθ’
546 3543 700 3624 ὡμάρτησε
721 3546 770 3604 κοί
784 3544 929 3623 Ἁρμονίης
947 3542 1098 3621 Ἀφροδίτη.

329 3634 397 3694 Οὐδ’
416 3634 487 3716 αὐτὴ
505 3637 637 3712 βασίλεια
657 3636 810 3717 κασιγνήτη
829 3636 896 3703 Διὸς
909 3630 976 3715 οίζοη

324 3726 467 3808 ἐρχομένη
486 3727 607 3806 δήθυνεν
626 3728 660 3797 ἐς
679 3727 771 3788 ἄλσεα
790 3726 971 3808 Κενταύροιο.

171 3838 254 3910 Quod
274 3838 439 3911 significare
459 3841 520 3899 vult
543 3839 632 3900 »Gom
646 3841 780 3914 Apolline
803 3847 834 3899 et
852 3840 945 3898 Musis
966 3843 1063 3897 autem
1083 3843 1113 3897 et
1133 3854 1197 3922 cum¹
1216 3839 1291 3898 Har·

169 3932 279 4004 monia,
310 3948 384 4003 qnae
410 3933 561 3992 Musarum
588 3938 681 3992 meter
706 3932 788 3992 audit
814 3931 892 4006 apud
915 3930 1087 4004 Euripidem
1111 3930 1201 4002 (Med.
1221 3936 1289 3999 830)

170 4025 248 4084 venit
265 4025 372 4084 Venus.
401 4026 491 4086 Immo
508 4025 579 4086 Iuno
599 4041 714 4098 quoqne
728 4023 737 4083 t
751 4068 758 4081 .
773 4047 797 4082 .‹
830 4027 911 4097 Quae
930 4025 1004 4084 licet
1019 4028 1104 4084 acute
1125 4023 1290 4094 excogitata
