3078 4654
531 369 802 437 .-69-

132 551 211 611 ferre
231 569 288 612 non
308 553 405 626 potuit
424 553 480 611 nisi
501 555 594 613 altero
615 554 654 613 ed
674 555 796 613 alterum
815 555 924 628 relato,
950 561 983 613 ut
1007 560 1121 614 constet
1146 554 1257 636 dicipi

129 642 299 721 βαθύγεως,
322 643 406 721 γένος
418 644 617 722 ἀρσενογενές,
636 645 804 704 πολύπλανοι
816 645 926 717 πλάναι,
945 643 1065 724 ἄγγελον
1072 640 1138 725 Ἶριν
1152 642 1257 725 ἔπεμπε

133 735 311 812 δυσάγγελον
339 740 443 809 (Noun.
469 739 588 811 Dionys.
610 747 661 811 20,
690 742 772 811 184),
802 733 914 814 ἔκρνφε
941 739 1034 796 πᾶσαν
1065 736 1257 818 αθακχεύτων

130 831 222 908 οτίχα
237 829 362 909 Βάκχων
377 831 429 901 (id.
445 839 490 904 23,
512 832 591 914 054),
612 832 670 889 sliu
691 832 721 889 id
742 848 832 903 genus
854 832 990 912 plurime:
1012 830 1047 890 cf.
1062 832 1188 892 bobeclr.
1202 834 1257 894 Ρα-

129 925 216 996 ralip.
236 942 265 997 p.
287 932 343 984 306
366 930 396 983 el
421 931 504 984 536«.
545 925 602 983 Sed
628 926 653 982 si
678 921 763 981 ἑανοῦ
786 919 971 999 βαθύκολπον
998 923 1102 982 κόλπον
1127 921 1161 990 ἐς
1184 923 1257 1006 ἠέρα

8 1043 11 1050 ’
130 1015 285 1096 ἀνῃώρησε
301 1017 476 1089 iungendum
491 1023 575 1088 esset,
597 1015 772 1093 γυμνώσασα
792 1033 848 1089 quo
868 1015 1027 1076 referretur
1045 1034 1102 1079 non
1121 1018 1256 1094 beberet3

130 1107 183 1167 cfr.
204 1111 291 1168 etiam
311 1128 338 1168 v.
355 1117 409 1169 158
430 1108 539 1188 στῆθος
559 1107 631 1169 ἅπαν
657 1107 802 1187 γύμνωσε,
828 1128 884 1184 quo
905 1109 1009 1170 κόλπον
1031 1116 1061 1170 el
1081 1109 1255 1192 γρμνώσασα

131 1210 231 1262 nostro
262 1204 325 1262 loco
355 1203 529 1276 iungendum
555 1220 619 1262 esse
643 1204 790 1277 probatur.
838 1203 909 1263 Oum
934 1204 1000 1262 olim
1026 1209 1165 1264 commate
1189 1212 1256 1279 post

127 1293 203 1372 ἠέρα
224 1302 254 1354 et
273 1294 377 1353 κόλπον
399 1298 495 1356 deleto
523 1314 557 1356 sc
582 1304 648 1371 post
675 1297 848 1373 γυμνώσασα
875 1298 970 1369 posito
996 1298 1170 1371 interpretes
1193 1314 1256 1357 ver·

129 1390 226 1446 terlnt
248 1389 332 1462 »Ipsa
352 1405 420 1448 vero
434 1390 551 1463 peplum
571 1391 717 1450 sinuosum
736 1391 765 1447 in
786 1406 854 1448 aere
873 1389 1032 1463 denudans,
1051 1390 1148 1449 Venus
1163 1391 1255 1449 sinum

129 1481 281 1554 sustulit«,
314 1481 458 1540 Ruhnken
482 1488 512 1541 et
534 1483 653 1555 Lennep
681 1484 774 1541 secuti
796 1501 814 1542 a
837 1484 955 1554 reliquis
983 1482 1140 1543 editoribus
1167 1485 1255 1543 inter·

127 1575 314 1646 punctionem
335 1579 530 1634 correxerunt.
560 1594 670 1652 εσγερα
686 1576 733 1647 Μ;
756 1608 787 1617 -
811 1573 869 1633 156
890 1573 1041 1653 ἀνῃώρησε
1061 1582 1091 1636 et
1109 1575 1254 1653 γδεσσατο

128 1701 177 1773 Μ,
202 1698 326 1778 ἢδέσατο
349 1703 386 1774 Q,
414 1665 541 1778 ᾐδέσσατο
560 1701 593 1773 S3
616 1733 650 1743 -
673 1699 730 1761 15⁷
746 1719 826 1779 χειρι
845 1700 879 1758 δε
899 1708 930 1761 et
948 1700 1068 1778 ἐρώτων
1081 1703 1128 1775 Μ;
1149 1702 1254 1779 θεσμόν

128 1800 163 1850 ut
176 1795 334 1866 scripserat
345 1795 402 1851 iam
411 1795 523 1854 Ubelus
537 1794 759 1865 conieceretque
769 1793 924 1868 Perdrier,
942 1811 977 1853 ex
987 1795 1019 1852 M
1030 1811 1125 1870 recep.
1137 1795 1254 1855 Belrker

127 1892 161 1944 et
181 1892 248 1958 post
270 1903 335 1944 eum
356 1887 482 1945 editores
508 1891 626 1960 praeter
645 1885 762 1958 Lebrs.;
788 1886 964 1946 deteriorum
989 1887 1119 1948 codicum
1140 1895 1170 1946 et
1188 1889 1253 1947 reli·

127 1995 251 2050 quarum
272 1982 431 2040 editionum
453 1982 604 2040 lectionem
629 1978 738 2056 θεσμόν
758 1981 816 2050 (cui
836 1978 920 2056 νόμον
940 1980 1038 2053 glossa
1056 1982 1253 2055 suprascripta

129 2075 220 2131 estin
235 2075 269 2145 O)
290 2077 367 2134 tueri
386 2075 495 2134 trustra
515 2080 634 2135 conatus
655 2080 699 2133 est
713 2073 831 2146 Lennep
844 2074 875 2131 in
888 2073 1199 2134 Animadversionibus.
1214 2105 1251 2118 -

129 2163 189 2224 158
210 2186 341 2244 γύμνωσε
360 2169 408 2240 Μ;
429 2163 572 2244 ἐμνήσατο
592 2165 675 2226 codd.
695 2181 793 2224 omnes
814 2169 944 2238 (praeter
963 2166 998 2238 G,
1019 2167 1068 2239 qni
1088 2163 1251 2245 ἀμνήσατα)

127 2265 160 2318 et
183 2259 248 2319 edd.
269 2267 389 2333 praeter
407 2260 489 2320 Porti
510 2266 539 2318 et
558 2260 670 2327 Iuliani,
692 2259 741 2330 qui
761 2254 919 2336 ἀμνήσατο.
958 2259 999 2318 nt
1019 2253 1179 2338 ἀμνήσατσ,
1198 2275 1250 2334 pro

131 2370 189 2426 quo
210 2353 303 2412 Iulieu
323 2354 352 2410 in
372 2354 449 2412 notis
470 2371 499 2426 p.
515 2360 569 2412 100
589 2353 686 2426 potius
706 2349 850 2429 ἡμνήοατο
876 2350 1057 2409 scribendum
1083 2368 1147 2411 esse
1172 2353 1252 2426 vidit,

127 2445 269 2504 vertendo
293 2450 497 2518 expresserunt
509 2444 639 2516 plerique
652 2444 837 2516 interpretes.
867 2442 964 2502 Etiam
977 2443 1111 2518 Lennep:
1134 2461 1251 2504 »sensus

132 2539 192 2596 tsle
216 2537 286 2608 quid
307 2537 469 2609 efflagitare
489 2536 582 2595 videri
601 2542 701 2610 posset
725 2534 942 2607 quodammodo.
981 2536 1028 2594 De
1054 2537 1130 2597 vocis
1155 2543 1250 2599 tamen

125 2631 258 2690 bonitate
279 2632 465 2689 vehementer
485 2628 633 2687 addubito.
676 2629 772 2699 Quare
797 2628 945 2687 meliorem
965 2628 1040 2687 viam
1065 2629 1252 2691 instituerunt

124 2723 292 2793 Brodeens,
324 2723 368 2782 vir
392 2722 493 2781 doctus
519 2722 557 2779 ed
582 2722 648 2779 Ald.
673 2721 727 2779 Ed.
755 2726 786 2780 et
809 2721 947 2781 Neunder
972 2721 1013 2792 [in
1038 2723 1179 2798 margine]
1204 2726 1250 2784 vel

122 2813 298 2894 ἀμελήσατο
325 2817 369 2874 vel
395 2813 553 2894 ἐπελήθετο
578 2821 762 2887 reponentes.
803 2814 887 2886 Quod
908 2815 933 2873 si
953 2820 1080 2874 veterem
1100 2822 1250 2877 consuetu·

124 2912 223 2968 dinem
249 2915 364 2982 spectes
389 2908 555 2981 mulierum,
579 2913 612 2965 ut
637 2924 671 2968 eo
697 2908 782 2965 citius
808 2908 928 2967 aliorum
954 2909 1063 2969 animos
1089 2907 1249 2986 flecterent,

121 3005 206 3063 sinus
228 3008 258 3062 et
276 3003 457 3076 potissimum
478 3002 645 3060 mummulus
666 3017 733 3060 sues
749 3001 965 3076 denudentium,
986 3018 1101 3062 sensum
1117 3004 1249 3077 equidem

125 3098 245 3170 vulgato
271 3097 357 3168 longe
383 3095 531 3153 meliorem
555 3094 664 3154 babere
690 3095 834 3155 existimo:
861 3097 974 3157 sivero
995 3095 1110 3156 Oolutbi
1134 3099 1249 3170 genium

126 3198 157 3252 et
177 3189 325 3248 scribendi
345 3204 453 3247 morem
474 3189 619 3260 consulas,
641 3204 746 3248 causae
766 3205 823 3248 non
843 3189 964 3246 multum
985 3189 1054 3262 erit,
1081 3206 1132 3247 cur
1152 3206 1169 3249 e
1189 3192 1249 3250 vul·

122 3291 196 3357 geta
221 3279 364 3360 ἐμνήσατο
391 3281 532 3340 discedas.
573 3281 698 3339 Videtur
721 3297 792 3340 suae
821 3282 925 3340 aetatis
950 3297 1044 3341 mores
1069 3282 1248 3355 potissimum

125 3383 284 3452 spectasse,
307 3393 363 3449 qus
384 3376 520 3435 dedecori
541 3376 674 3446 maximo,
695 3381 728 3433 ut
746 3374 902 3434 hodiedum
924 3376 1020 3449 etiam,
1041 3374 1203 3450 duceretur,
1223 3379 1248 3438 si

122 3489 182 3544 qua
202 3471 297 3528 sinum
319 3476 347 3528 et
368 3485 506 3534 mammas
527 3468 701 3538 denudaret,
729 3474 761 3526 ut
785 3468 840 3527 boc
864 3466 949 3528 modo
975 3467 1096 3528 eliorum
1121 3467 1247 3530 favorem

124 3565 180 3624 sibi
208 3565 385 3623 conciliaret.
427 3563 528 3622 Talem
553 3561 642 3622 fuisse
667 3562 793 3621 auctoris
817 3566 956 3634 mentem,
980 3560 1064 3621 modo
1090 3561 1248 3638 inspexerit

123 3674 239 3717 versum
263 3663 316 3716 152
338 3663 367 3716 et
388 3665 457 3716 153:

312 3773 348 3832 ‘il
364 3772 391 3832 δ’
417 3771 502 3834 ἑανὸν
519 3773 705 3850 βαθύκολπον
724 3771 758 3840 ἐς
776 3771 859 3852 ἠέρα,
879 3770 1052 3850 γυμνώσασα

317 3866 432 3940 κόλπον,
453 3863 611 3947 α’νμώργσε
625 3866 674 3923 καλ
693 3863 747 3924 οὐκ
766 3862 915 3945 ᾐδέσσατο
935 3863 1051 3942 Κύπρις,

123 3997 173 4066 qui
193 4001 283 4068 neget
302 3995 397 4054 nullus
418 3997 502 4054 erit«.
541 3995 697 4068 Vulgatsm
717 3995 812 4054 Nomii
833 3994 963 4068 exemplo
983 3994 1073 4054 tuitus
1096 3994 1247 4054 estotim

124 4087 252 4162 Bekker,
275 4089 380 4149 collato
400 4088 486 4149 Dion.
500 4088 571 4147 XXI
593 4095 646 4148 109
667 4086 716 4144 καλ
735 4083 789 4145 οὐκ
808 4081 950 4166 ἐμνήσατο
967 4085 1074 4164 μαζού,
1100 4094 1130 4148 el
1149 4085 1247 4146 XXIII
