3078 4654
586 350 821 416 -125-

294 532 394 614 τφώτη
416 532 571 613 Τρωϊάδων
590 533 765 613 Κασσάνδρη
784 533 918 612 φοιβὰς
939 520 1065 592 λδοῦσα

294 627 404 705 κόσμον
425 625 524 687 ἅπαντ’
549 626 604 687 ἀπὸ
624 626 735 707 κρατὸς
754 623 866 707 ἔχευεν,
885 623 972 686 ἔλυσε
991 625 1025 687 δὲ
1044 627 1158 709 χαίτας,

293 721 383 802 πάντη
402 719 434 780 δ’
452 718 526 781 ἔνθα
546 721 594 780 καὶ
614 717 688 781 ἔνθα
706 719 874 800 ἑλισσομένη
894 721 958 801 περὶ
976 719 1100 799 πύργους

295 815 408 874 πυκνὰ
427 814 536 895 κόμην
555 814 725 874 τίλλοοσσ
744 819 822 875 τοῖον
842 813 946 896 &alege
961 815 1065 894 μῦθον.

138 943 288 1003 Hermann
308 961 336 1018 p.
351 950 388 1002 22
408 941 580 1022 Κασσάνδρη
600 940 772 1021 θεόφοιτος,
798 939 846 1002 ἀπ’
876 941 1060 1022 ἀκροπόληος
1085 941 1186 1002 ἰδοῦσα
1205 961 1264 1004 om·

138 1039 209 1097 uiuo
229 1037 411 1097 scribendum
432 1054 496 1097 esse
515 1037 588 1097 dixit
605 1039 748 1113 probante
766 1039 926 1099 Tourueric
946 1055 975 1112 p.
990 1045 1036 1111 48,
1056 1055 1150 1113 neque
1170 1043 1267 1098 tamen

139 1131 287 1204 vulgatam
313 1130 444 1206 deseruit
467 1132 570 1192 Lehrs.
610 1133 674 1206 Ego
700 1131 853 1210 νεόφοιτος
883 1133 986 1206 scripsi
1011 1132 1049 1191 ad
1075 1132 1267 1206 Tryphiodori

139 1223 322 1296 Tuetuaeque
354 1225 528 1298 exemplum,
559 1224 611 1284 sed
636 1223 794 1302 θεόφοιτος
816 1224 957 1284 reducere
986 1241 1043 1285 uon
1074 1241 1137 1283 uum
1157 1240 1263 1298 ausus,

141 1335 205 1378 curu
226 1318 313 1378 edam
332 1319 362 1376 iu
382 1319 548 1392 vulgaribus
561 1318 758 1392 Tryphiudcri
778 1317 925 1378 codicibus
945 1316 1097 1395 νεόφοιτος
1117 1321 1205 1377 extet.
1229 1351 1263 1361 -

140 1407 187 1470 ἐπ’
211 1411 295 1472 codd.
316 1417 347 1471 et
370 1412 435 1472 edd.
456 1428 555 1472 omnes
579 1417 698 1486 praeter
723 1413 921 1486 Stephanum,
947 1413 996 1485 qui
1022 1412 1164 1485 probante
1190 1411 1264 1470 Her·

140 1523 246 1567 urauuc
264 1524 293 1581 p.
309 1513 345 1566 22
366 1512 396 1566 et
415 1506 574 1567 Touruerio
595 1524 623 1581 p.
638 1513 693 1579 48,
718 1511 799 1566 recte
825 1503 875 1562 ἀπ’
897 1505 996 1565 edidit.
1036 1507 1069 1564 In
1089 1506 1220 1578 margine
1241 1503 1265 1563 P

141 1598 211 1659 libri
230 1593 282 1657 ἀπ’
302 1616 416 1660 erasum
437 1616 501 1660 esse
521 1599 644 1659 videtur.
665 1634 702 1644 -
723 1600 904 1681 ἀκροπολῆος
916 1601 958 1670 Μ,
980 1597 1159 1677 ἀκροποληος
1171 1597 1211 1670 V,
1232 1629 1266 1640 -

141 1693 203 1753 393
225 1692 324 1773 τροίης
343 1691 370 1752 δ’
394 1695 436 1768 M,
457 1695 536 1774 τροίη
556 1691 583 1752 δ’
608 1712 643 1754 ex
663 1695 743 1774 τροίη
763 1693 793 1752 δ’
815 1695 852 1768 03
871 1695 933 1772 τοίη
947 1696 986 1767 Q}
1006 1690 1034 1750 δ’
1058 1699 1162 1768 postea
1181 1690 1264 1751 addi·

142 1796 204 1847 tum
224 1789 318 1847 estin
337 1790 379 1862 N;
399 1786 546 1867 οψιδόμων
564 1788 614 1862 Μ;
637 1789 748 1848 πολέων
772 1790 805 1848 Μ
830 1794 860 1848 et
880 1789 945 1848 edd.
967 1794 1034 1848 aute
1055 1787 1194 1861 Leuuep,
1214 1785 1263 1868 ad-

144 1879 218 1939 aaa
231 1880 264 1954 ν,
284 1880 395 1959 ληνέων
409 1883 448 1955 d;
468 1866 584 1962 κληῖδος
596 1883 638 1956 ur,
664 1881 783 1961 κνησας
795 1883 830 1956 ν,
850 1881 968 1961 κληῖδας
986 1878 1234 1953 acuuPst
1248 1899 1267 1936 a

52 2049 56 2056 ἢ
143 1972 225 2034 Harl.
246 2007 284 2018 -
303 1974 367 2034 894
381 1973 725 2054 δεξστονοστησανταΜς
745 1977 857 2055 πολίτην
870 1978 944 2051 Md.
974 1977 1168 2050 Subscriptio:
1183 1971 1269 2039 τέλος

143 2070 197 2149 τῆς
221 2071 273 2148 τῆς
298 2070 361 2143 (τοῦ
380 2071 420 2143 R)
445 2066 544 2150 ἑλένης
569 2067 680 2192 (idduae
700 2071 735 2142 G)
760 2070 890 2152 (ηοπαγῆς
913 2070 1081 2143 AONQR,
1107 2067 1192 2132 τέλος
1217 2067 1269 2145 τῆς

144 2197 197 2277 τῆς
217 2195 346 2275 ἁρπαγῆς
366 2199 417 2278 τῆς
435 2193 535 2278 ἑλένης
554 2199 708 2258 κολοοθίοο
728 2201 766 2270 L,
794 2198 878 2266 τέλος
902 2203 955 2257 τοῦ
978 2197 1043 2276 περὶ
1067 2197 1119 2277 τῆς
1138 2193 1268 2274 ὁρπσηῆς

145 2291 197 2371 τῆς
217 2290 417 2369 καλλιπάρειος
435 2289 534 2371 ἑλένης
554 2293 626 2369 SW,
650 2290 695 2352 ἐπὶ
714 2292 846 2374 φούσκης
865 2311 1030 2371 κροτουσης
1049 2291 1088 2366 Ρ,
1113 2287 1197 2355 τέλος
1216 2290 1270 2346 τοῦ

145 2382 281 2443 ἐποπονοῢ
300 2390 353 2443 τοῦ
372 2383 522 2445 Κολούθου
543 2391 596 2444 τοῦ
611 2385 725 2467 Ἑλένης
744 2385 856 2466 ἁρπαγὴ
877 2386 1046 2464 λελεγμένον
1067 2384 1102 2446 G.
