3092 4662
614 310 824 374 ..59..

162 499 221 558 Sed
242 504 354 572 tamen,
374 498 399 556 si
419 497 488 569 qnid
508 497 605 565 video,
626 493 756 554 faciliore
776 509 932 568 operares
953 490 1082 564 expediri
1102 494 1206 562 potest.
1245 487 1280 550 ln

160 593 253 664 primo
272 592 373 650 horum
387 607 520 650 uersuum
534 591 596 650 cod.
610 591 684 648 Mut.
700 591 777 654 τοίας
790 585 859 644 ἐπεί.
889 587 930 648 Ut
943 586 1066 658 videtur,
1088 584 1175 644 etiam
1186 581 1281 657 βαιάν,

160 685 238 756 quod
257 701 314 744 nou
333 684 527 776 praetulerim·
539 685 666 756 vulgate.
708 681 896 742 Scribendum
915 681 1042 740 videtur:

365 795 444 858 τοῖος
462 789 523 850 ἐπεὶ
542 792 686 870 σύραγγος
704 789 738 856 ἐς
756 787 830 869 ἤθεα
848 787 934 866 βαιὸς
953 785 1048 846 ύδεύοι

364 883 530 964 ἀγροτέρων
548 883 685 960 καλάμων
706 881 817 962 λιγυρὴν
837 879 957 940 ἐδίωκεν
977 879 1081 960 ἀοιδήν.

156 980 333 1074 Ἀγροτέραν
352 1003 434 1056 reete
454 996 617 1056 emendavit
636 994 782 1056 Graelins:
812 1010 905 1065 neque
932 994 1006 1051 enim
1031 993 1103 1052 haec
1128 999 1279 1064 poetarum

161 1094 242 1146 secta
261 1089 317 1146 duo
337 1089 485 1161 coniungit
510 1088 638 1161 epitheta
663 1088 804 1146 ornantia.
846 1083 996 1166 Σήραγγος
1021 1102 1085 1143 mea
1115 1092 1159 1144 est
1184 1087 1278 1145 conie-

160 1187 257 1254 ctura,
283 1181 312 1238 in
332 1197 416 1252 quam
437 1197 523 1252 quum
542 1181 665 1254 plurima
684 1185 812 1238 tentaret
832 1181 920 1238 etiam
941 1178 1071 1238 Graefius
1092 1178 1203 1235 incidit.
1244 1178 1277 1235 In

161 1277 260 1349 quinto
280 1292 365 1333 versu
387 1277 425 1347 [v.
442 1279 507 1349 115]
528 1275 604 1347 quod
625 1291 641 1332 e
661 1274 723 1332 cod.
745 1275 827 1332 Voss.
848 1273 967 1331 affertur
986 1267 1076 1328 ἔνθεα
1101 1271 1171 1329 nihil
1199 1270 1278 1330 aliud

161 1377 206 1429 est
227 1385 311 1441 quam
331 1369 407 1441 quod
428 1371 456 1426 in
477 1370 569 1442 primo
589 1367 680 1426 Paris.
701 1368 808 1440 legitur
832 1360 915 1422 ἔνθεν
939 1382 1027 1438 supra
1053 1365 1161 1437 scripto
1181 1384 1209 1419 α.
1245 1363 1279 1420 Id

160 1464 186 1520 si
210 1479 267 1521 non
292 1466 325 1520 ut
349 1463 514 1535 Lennepius
539 1457 611 1519 ἔνθα
631 1457 670 1534 d,
696 1461 747 1519 sed
772 1456 877 1517 ἐνθάδ’
902 1459 1075 1530 correxeris,
1105 1459 1176 1517 satis
1207 1457 1280 1514 bene

160 1557 256 1616 omnia
280 1556 482 1615 cohaerebunt.
522 1556 589 1614 Erit
614 1554 684 1612 illud
705 1552 811 1610 ἐνθάδε
836 1553 872 1611 ad
898 1555 1002 1612 montis
1022 1553 1092 1610 Idae
1119 1553 1182 1611 loca
1206 1549 1280 1608 ref·

159 1648 290 1722 rendum,
309 1649 340 1706 in
360 1650 462 1721 quibus
483 1649 610 1722 degebat
631 1648 722 1718 Paris,
745 1664 831 1718 quum
852 1647 888 1704 ad
904 1665 967 1705 eum
982 1647 1093 1704 veniret
1107 1645 1278 1704 Mercurius.

160 1742 236 1799 Ante
250 1744 380 1802 ultimum
393 1745 493 1804 horum
507 1760 640 1802 versuum
655 1743 763 1814 aliquid
783 1742 924 1801 excidisse
942 1741 989 1799 vix
1007 1745 1104 1815 potest
1122 1736 1276 1798 dubitari«.

159 1834 254 1893 Aliter
274 1836 313 1908 de
329 1837 384 1896 hoc
402 1838 465 1896 loco
485 1836 622 1894 iudicavit
646 1835 802 1894 Schneider
821 1853 849 1908 p.
864 1841 929 1892 421.
951 1842 1021 1892 422:
1055 1851 1128 1892 »non
1154 1833 1275 1891 dixisset

160 1929 262 2002 opinor
282 1928 426 2001 Graefius,
447 1929 591 2002 duplicem
612 1929 641 1985 in
661 1928 705 1985 his
725 1928 921 1984 recensionem
942 1927 1032 1998 ipsius
1053 1933 1158 1999 poetae
1180 1931 1279 1983 extare
1298 1957 1300 1960 ·

160 2026 213 2080 aut
232 2021 268 2079 ab
289 2023 383 2080 aliena
403 2039 488 2080 manu
509 2021 649 2094 quaedam
670 2021 726 2080 huc
739 2020 899 2092 irrepsisse,
921 2019 945 2075 si
959 2019 1165 2091 perspexisset,
1185 2018 1278 2090 primo

161 2120 199 2186 (v.
216 2119 387 2188 llo-114)
413 2120 528 2188 poetam
554 2130 686 2186 narrare,
713 2113 780 2185 quid
806 2112 881 2171 omni
908 2118 1037 2186 tempore
1058 2110 1142 2168 Paris
1168 2107 1278 2182 fecerit,

161 2209 221 2266 sive
246 2207 276 2264 in
302 2225 410 2280 pascua
436 2208 498 2266 ibat
522 2211 559 2279 (v.
576 2213 642 2279 110)
669 2208 729 2265 sive
754 2223 846 2280 prope
872 2206 986 2263 stabula
1011 2209 1075 2262 erat
1101 2208 1138 2274 (ν.
1155 2206 1221 2274 112)
1245 2235 1279 2243 ψ

159 2301 293 2358 nimirum
312 2299 409 2359 fistula
428 2302 564 2375 canebat,
590 2317 709 2374 gregum
730 2306 825 2358 autem
848 2300 988 2358 rationem
1014 2315 1070 2357 non
1096 2297 1222 2356 habebat
1242 2329 1280 2339 -

161 2394 265 2452 deinde
285 2395 353 2464 quid
375 2411 408 2453 eo
430 2395 494 2468 ipso
514 2400 644 2467 tempore
664 2393 767 2452 lecerit
793 2409 878 2464 quum
900 2393 1021 2450 Hermes
1047 2392 1084 2450 ad
1112 2408 1175 2450 eum
1201 2392 1280 2450 venit

161 2487 200 2560 (ν.
216 2493 271 2546 114
281 2490 345 2559 sq.).
376 2494 476 2546 contra
494 2488 656 2546 laudandus
678 2484 818 2558 Graefius‚
839 2485 916 2556 quod
937 2485 1009 2543 vidit
1031 2502 1055 2543 v.
1074 2492 1128 2544 110
1149 2481 1279 2562 σήραγ-

162 2598 223 2655 γος
246 2575 279 2644 ἐς
304 2574 392 2657 ἤθεα,
421 2586 450 2638 et
475 2599 500 2638 ν.
522 2587 575 2638 111
601 2577 805 2657 ἀγροτέρων
831 2578 967 2652 καλάμων
994 2577 1176 2636 scribendum
1207 2593 1279 2636 esse.

160 2673 291 2732 restabat
314 2678 347 2731 ut
366 2691 391 2732 v.
413 2681 466 2732 110
487 2675 565 2738 τοῖος
590 2669 650 2730 ἐπεὶ
670 2689 687 2730 e
706 2671 864 2730 Mutinensi
887 2672 1079 2744 reciperetur,
1106 2671 1182 2741 qnod
1209 2669 1280 2728 fecit

160 2765 357 2838 Hermannus,
382 2772 414 2824 ut
435 2771 531 2848 tamen
551 2783 607 2824 non
626 2765 760 2824 videatur
779 2772 858 2823 recte
878 2781 938 2822 rem
960 2764 1184 2822 administrasse.
1215 2779 1280 2820 nam

160 2854 228 2916 ἐπεί
242 2874 327 2929 quum
347 2862 465 2932 putaret
484 2859 643 2933 temporale
664 2875 737 2926 esse,
758 2854 853 2914 ὁδεύοι
874 2858 1012 2929 correxit,
1034 2874 1089 2929 quo
1109 2855 1141 2914 fit
1161 2864 1193 2915 ut
1216 2872 1279 2914 sen·

160 2951 253 3008 tentia
278 2952 346 3009 inde
372 2968 389 3010 a
414 2968 439 3009 v.
464 2958 516 3011 111
543 2968 605 3009 cum
631 2951 827 3023 superioribus
852 2968 907 3010 non
940 2951 996 3008 iam
1030 2957 1170 3024 congruat
1200 2950 1280 3008 satis.

160 3043 305 3116 Equidem
325 3050 357 3103 ut
376 3045 476 3117 paucis
497 3044 606 3114 dicam,
631 3045 699 3116 quid
720 3045 857 3118 sentiam,
877 3052 993 3118 poetam
1013 3044 1119 3103 dixisse
1141 3044 1280 3116 existimo,

161 3135 322 3195 abluisse
342 3137 473 3195 baculum
493 3139 695 3210 pastoricium,
721 3140 885 3211 quoniam
911 3140 965 3198 soli
983 3139 1068 3197 Paris
1094 3155 1212 3212 operam
1233 3137 1282 3195 de·

161 3228 253 3286 disset
276 3227 389 3288 fistulae
416 3236 445 3288 et
469 3232 646 3304 neglexisset
673 3248 792 3305 greges,
822 3233 881 3290 sive
906 3234 936 3290 in
960 3233 1076 3306 pascuis
1103 3238 1194 3302 esset,
1221 3232 1281 3290 sive

161 3338 253 3395 prope
266 3323 381 3383 stabula
395 3331 571 3397 versaretur,
591 3327 690 3397 itaque
704 3325 883 3385 scribendum
899 3342 1003 3386 censeo
1017 3327 1046 3383 in
1059 3327 1134 3384 hunc
1152 3323 1280 3384 modum:

333 3434 457 3512 coepere'p
477 3430 504 3490 δ’
528 3433 698 3492 ἀπέκειτο
715 3435 795 3512 βοῶν
815 3433 949 3512 ἐλάτειρα
969 3433 1127 3511 καλαῦροψ,

259 3534 312 3586 110
333 3531 411 3593 τοῖος
430 3525 492 3585 ἐπεὶ
511 3527 655 3606 οήραγγος
673 3526 708 3594 ἐς
726 3525 801 3607 ἤθεα
818 3529 902 3604 βαιὸν
923 3526 1041 3603 ὁδεύων,

260 3626 311 3678 112
332 3620 451 3678 πολλάκι
470 3618 498 3678 δέ
522 3622 690 3681 οἰοπόλοισιν
710 3620 752 3681 ἐνλ
771 3623 940 3700 σταθμοῖσιν
962 3621 1068 3681 ἰαύων

259 3713 311 3772 11'1
334 3713 499 3792 ἀγροτέρων
520 3716 655 3793 καλάμων
676 3714 788 3794 λιγυρὴν
808 3713 929 3774 ἐδίωκεν
949 3714 1045 3794 ἀοιδήν

334 3805 382 3863 καλ
402 3805 515 3885 ταύρων
535 3808 660 3888 ἀμέλησε
681 3807 728 3866 καλ
750 3807 803 3868 ούκ
823 3807 965 3887 ἐμπάζετο
982 3807 1087 3888 μήλων.

161 3951 227 3993 nam
248 3952 275 3993 r.
292 3941 346 3994 110
367 3940 398 3992 et
420 3943 474 3995 112
495 3952 586 4008 aeque
606 3937 709 3996 referri
730 3938 767 3997 ad
787 3956 812 3997 v.
830 3947 881 3998 111
903 3944 995 4012 patet,
1016 3931 1092 3998 unde
1114 3938 1236 3998 efficitur
1249 3945 1294 3998 ut.

160 4042 254 4100 neque
278 4027 405 4100 disiungi
424 4029 535 4103 priores
556 4031 598 4089 illi
618 4048 717 4092 versus
738 4033 862 4120 possint,
889 4038 918 4092 et
942 4033 1072 4106 ineptum
1095 4035 1153 4093 iam
1179 4036 1217 4094 sit
1240 4029 1282 4090 ἐνλ
