3092 4662
564 333 775 396 ..45-

104 515 246 588 scriptum
260 521 348 575 extat.
380 516 534 577 (laetorum
553 533 579 574 v.
595 523 631 577 66
652 533 707 590 ego
720 517 776 576 huo
790 519 955 591 transposui
969 534 1033 577 cum
1052 520 1083 576 in
1104 518 1233 578 secunda

102 607 224 666 Lehrsii
234 610 361 670 editione
371 614 439 683 post
447 609 564 668 Iunonis
578 614 609 667 ct
618 609 739 669 Veneris
753 611 928 669 mentionem
937 611 1035 683 inepte
1046 611 1230 670 616666616-

102 702 190 760 noni
204 703 258 760 soli
270 720 328 762 non
340 703 462 762 cessisse
475 702 617 760 Minerva
648 703 759 761 Eodem
773 710 844 776 puto
864 719 954 762 causa
966 710 1061 763 motus
1075 705 1234 764 Schneider

102 795 135 851 in
149 811 208 854 rec.
222 813 251 869 p.
268 803 321 855 196
335 793 389 874 ἤδη
408 799 450 865 (l)
470 791 498 851 δ’
515 791 549 852 od
563 795 609 853 vel
623 799 704 872 τῇσιν
718 793 751 852 δ’
764 794 799 852 οὐ
818 812 872 869 pro
892 816 945 874 ηρη
966 794 994 853 d'
1018 793 1053 854 οὐ
1066 797 1235 857 dubitanter

103 888 239 946 coniecit.
259 889 374 948 Maiora
383 889 498 947 molitus
512 887 837 962 estTournierp.1o.16
851 905 939 962 aegre
949 888 1045 948 ferens
1055 907 1112 950 nno
1123 897 1233 949 tantum

103 980 249 1039 versiculo
270 981 307 1039 de
319 981 452 1040 Minerva
465 982 523 1054 agi,
544 981 655 1040 duobus
677 987 774 1039 autem
797 981 834 1040 de
847 982 956 1041 Iunone
970 990 1001 1043 et
1014 983 1136 1055 Venere,
1149 985 1234 1042 simul

102 1089 131 1132 v.
145 1079 182 1132 65
196 1072 245 1128 καὶ
258 1068 346 1150 ἤθελε
360 1072 505 1149 ληΐζεσθαι
526 1073 564 1132 66
577 1073 740 1132 Minervam
748 1069 885 1151 Ἀγελείην
905 1077 949 1134 vel
963 1071 1077 1154 Ἀγεληίν
1098 1076 1232 1149 (utepud

8 1193 9 1198 1
105 1165 404 1226 Cornutumvooetur
422 1186 453 1241 p.
469 1172 522 1228 167
544 1168 593 1226 66.
617 1168 702 1240 Gale)
728 1169 857 1227 alludere
876 1175 991 1242 putans.
1032 1170 1122 1229 Simul
1141 1171 1233 1228 minus

103 1265 178 1333 epte
190 1258 400 1319 bellicosiorem
421 1261 516 1336 [quasi
538 1259 690 1339 ἀρειοτέρη
709 1278 766 1320 666
786 1262 864 1320 idem
880 1267 959 1320 esset
978 1269 1065 1334 atque
1085 1260 1232 1335 ἀμείνωνῐ]

104 1354 233 1412 caeteris
254 1353 363 1412 deabus
375 1354 517 1413 Venerem
538 1357 569 1412 in
588 1357 706 1429 vulgata
727 1355 872 1428 scriptura
888 1356 945 1414 dici
960 1361 1048 1427 atque
1066 1353 1234 1432 ἀρειοτέρης

102 1445 257 1518 epitheton
275 1447 425 1506 Minervae
444 1449 541 1521 potius
561 1449 714 1508 convenire
736 1465 772 1507 ex
801 1449 904 1509 Nonne
917 1449 1002 1508 Dion.
1015 1448 1073 1506 XX
1092 1455 1147 1507 215
1167 1465 1234 1521 pro·

104 1538 202 1597 bavit:

518 1637 605 1706 Εἶδες
620 1638 735 1720 Ἀθήνην

144 1731 234 1788 παῖδα
252 1731 319 1798 Διὸς
339 1732 455 1814 θήλειαν
474 1732 642 1813 αξοειοτέρην
663 1734 808 1793 Διονύσου.
848 1736 975 1810 Scripsit
994 1736 1098 1808 igitur:

116 1819 209 1901 ’Ἥρη
226 1823 280 1900 μὲν
299 1824 468 1902 παράκοιτις
487 1827 663 1906 ἀγαλλομένη
686 1828 753 1894 Διὸς
772 1827 839 1910 εὐνῇ

144 1915 246 1972 ἵστατο
267 1915 456 1996 θαμβήσασα·
477 1918 525 1976 καὶ
544 1915 632 1997 ἤθελε
653 1919 800 1996 ληιῖεσθαι

144 2007 266 2066 πασάων
282 2005 404 2088 Ἀγεληῒς
422 2010 574 2090 ῴειατέρη
594 2016 725 2088 γεγαυῖα·

142 2193 235 2270 μῆλον
254 2189 333 2272 ἔχειν
352 2191 495 2273 ἐπόθησεν
518 2199 591 2268 (scil.
613 2199 723 2270 Venus)
745 2198 789 2256 ὅτι
810 2197 919 2276 κτέρας
937 2197 1016 2256 ἐστὶν
1033 2195 1174 2276 Ἐρώτων.

139 2279 208 2365 Ἥρη
228 2283 257 2343 δ’
281 2283 315 2344 οὐ
332 2287 462 2366 μεθέηκε
482 2291 556 2360 (6611.
577 2292 697 2363 Veneri)
719 2292 767 2349 καὶ
788 2290 844 2371 οὐχ
864 2290 994 2350 ὑπόεικεν
1010 2288 1118 2370 Ἀθήνη.

106 2413 166 2473 Sed
196 2416 239 2473 ita
269 2431 382 2488 quoque
407 2423 508 2477 contre
530 2422 729 2492 symmetriam
758 2427 912 2495 peccatur3
937 2436 1003 2478 nam
1026 2419 1097 2478 luno
1120 2435 1233 2492 quoque

105 2507 214 2564 melum
240 2507 407 2568 desiderare
433 2510 547 2584 debuit,
577 2514 652 2571 siout
675 2511 807 2572 fecerunt
836 2514 866 2571 in
891 2511 1077 2584 sequentibus
1100 2512 1235 2570 Minerva

106 2604 137 2658 et
151 2599 256 2658 Venus.
290 2601 389 2660 Etiam
408 2602 567 2662 Schneider
585 2606 616 2663 in
634 2621 693 2664 rec.
715 2622 744 2678 p.
767 2613 821 2664 196
840 2605 995 2664 Tournerii
1014 2605 1162 2661 inventum
1181 2605 1232 2661 im·

104 2743 249 2815 probavit
274 2777 303 2786 -
329 2743 371 2804 67
385 2743 413 2802 d'
430 2763 486 2806 om.
500 2748 548 2821 M;
568 2768 621 2805 ατε
633 2749 675 2822 M,
695 2745 749 2806 ἅτε
762 2749 795 2821 Ρ,
815 2712 887 2826 ἄτεερ
901 2748 952 2820 W3
973 2747 1123 2825 ἀρειοτερη
1135 2745 1182 2815 Mi
1195 2776 1232 2787 -

106 2883 149 2944 68
160 2905 233 2962 κτερ
250 2883 328 2944 ἐστὶν
341 2885 462 2965 ἐρωτων
472 2891 518 2962 Μ;
532 2924 563 2933 -
578 2889 620 2950 69
632 2891 699 2948 ἰδῶν
715 2912 764 2948 και
773 2893 820 2964 Μ;
840 2890 944 2957 παῖδας
958 2892 996 2964 Q;
1017 2852 1146 2953 καλέθας
1158 2887 1233 2958 ΜΡ;

105 2976 237 3044 καλέσας
251 2979 314 3052 GQ.
347 2981 393 3040 De
412 2999 456 3040 vv.
472 2991 517 3043 69.
534 2986 570 3043 70
588 2985 662 3043 baec
684 2984 831 3043 Hermann
850 3003 878 3058 p.
895 2992 931 3044 12
958 2984 1056 3042 ›Heec
1078 2987 1109 3041 et
1131 2981 1235 3040 scebra

106 3076 152 3129 666
171 3077 203 3130 66
223 3071 328 3130 vitiosa
346 3075 449 3135 oratio.
483 3076 584 3148 Quam,
606 3078 662 3134 nisi
674 3078 833 3136 omittendo
846 3083 998 3151 peecatum
1012 3082 1067 3148 est,
1087 3073 1165 3147 quod
1177 3089 1233 3132 non

106 3169 152 3224 666
171 3166 338 3238 verisimile,
359 3167 402 3225 sic
421 3169 549 3241 corrige:

261 3273 336 3341 Ζεὺς
347 3266 390 3334 ’δὲ
409 3275 507 3334 θεάων
528 3281 622 3344 νεῖκος
642 3277 719 3346 ἰδών,
740 3276 772 3336 ὃν
790 3277 878 3336 παῖδα
897 3274 1047 3343 καλέσσας

262 3370 339 3426 τοῖον
358 3366 577 3448 θπαὸρήσσοντα
595 3369 785 3444 τηοοαέννεπεν
800 3360 980 3448 ιῌιηιιίιοναι.

107 3477 201 3550 Quam
226 3478 422 3538 coniecturam
443 3495 462 3538 a
480 3480 603 3540 Lehrsio
630 3487 780 3555 receptam
801 3486 832 3540 et
850 3498 869 3539 a
888 3481 1047 3540 Tournerio
1067 3497 1095 3554 p.
1112 3487 1147 3539 16
1167 3496 1234 3554 pro·

106 3570 205 3628 butem
225 3569 329 3629 selsam
350 3573 503 3632 66661666
524 3580 663 3647 apparet,
693 3573 770 3646 qnod
790 3574 911 3632 Nouuns
935 3575 1055 3645 eiusque
1074 3577 1234 3633 sectatores

106 3665 306 3737 monosyllaba
325 3666 356 3722 in
376 3665 494 3724 brevem
514 3668 641 3726 vocalem
661 3672 692 3726 et
707 3673 912 3726 consonantem
926 3668 1081 3726 terminata
1094 3683 1234 3739 nusquam

104 3758 134 3814 in
154 3758 247 3829 tertii,
267 3758 365 3829 quarti
386 3760 432 3817 vel
452 3761 546 3832 quinti
564 3752 649 3833 pedis
670 3760 747 3818 thesi
766 3767 939 3832 posuerunt,
960 3775 1035 3831 6666
1055 3759 1235 3819 Scheindleri

105 3856 149 3910 cst
168 3848 350 3912 ,observatio
374 3851 405 3909 in
429 3850 597 3910 zeitschrift
622 3849 669 3909 ihr
695 3850 934 3910 osterreiehische
959 3850 1134 3923 Gymnasien
1160 3853 1233 3912 1679

103 3961 132 4018 p.
148 3949 206 4001 422
216 3959 261 4015 66.
279 3975 315 3984 -
337 3943 477 4004 »Poterat
491 3944 671 4016 [Hermann]
691 3961 749 4002 una
761 3944 920 4003 6166661666
934 3941 1053 4016 defungi
1066 3961 1119 4017 pro
1132 3944 1233 4004 tribus.

106 4036 171 4108 6616
193 4037 270 4095 enim
291 4037 356 4095 iure
376 4038 586 4112 vituperaverit
605 4037 682 4097 hane
701 4037 840 4097 orationis
860 4034 993 4095 formam:
