3092 4662
646 371 835 434 ...9-

255 591 294 658 Α
332 586 562 653 Ambrosianus
578 589 635 666 Qe
666 606 736 671 sup.
758 607 840 654 saec.
856 587 916 653 XV
930 589 1024 657 chart
1039 592 1073 655 in
1088 591 1123 656 4⁰
1154 591 1231 658 olim
1255 591 1302 662 Io.

173 708 264 776 Vino.
279 705 402 772 Pinelli.
419 705 568 772 Continet
583 704 716 770 Trichae
738 708 891 789 synopsin
913 707 954 772 de
975 708 1087 774 metris
1109 729 1232 791 novem,
1248 709 1302 778 Li·

174 819 261 886 banii
283 815 466 901 epistolicos
488 815 699 896 characteres,
723 814 916 896 Colluthum,
939 817 1203 901 Tryphiodorum.
1250 817 1301 886 Ex

176 931 237 996 hoc
258 927 367 994 codice
390 925 573 994 Colluthum
592 926 694 992 edidit
708 926 894 994 Theodorus
909 925 1004 1008 Villa,
1027 929 1081 1014 qui
1103 929 1201 995 etiam
1225 951 1302 998 non·

176 1036 280 1105 nullas
302 1038 437 1122 glossas,
465 1058 547 1123 quae
574 1037 731 1120 plurimae
759 1037 793 1103 in
822 1037 932 1104 codice
954 1018 1065 1104 entant
1086 1039 1226 1123 imprimi
1249 1059 1302 1106 cu·

176 1151 267 1216 ravit.
295 1149 382 1228 Quas
395 1153 520 1234 utpote
531 1148 652 1214 minimi
665 1149 762 1232 pretii
776 1169 886 1216 omnes
901 1149 995 1215 omisi
1009 1151 1092 1215 sicut
1106 1169 1161 1216 eas
1174 1170 1302 1238 quoqne

176 1279 256 1345 quas
278 1259 471 1326 scholiorum
492 1260 619 1325 nomine
640 1259 808 1343 insignitas
830 1258 931 1325 Iulien
952 1280 991 1325 ex
1008 1259 1193 1345 Qprotulit.
1228 1261 1302 1332 Am·

174 1369 317 1436 brosiani
337 1369 454 1436 codicis
477 1369 601 1435 »varias
622 1368 775 1436 lectiones
796 1374 964 1452 excerptas
981 1370 1043 1436 ad.
1061 1369 1189 1436 Abbate
1205 1360 1300 1449 Villa,

175 1487 308 1548 curante
330 1481 528 1564 amplissimo
551 1480 732 1546 marchione
751 1481 919 1547 Theodoro
937 1469 1118 1547 Alexandro
1134 1479 1300 1560 Trivuloio,

176 1597 310 1678 rogante
325 1592 363 1657 A.
378 1591 414 1656 F.
427 1591 544 1657 Gorio«
570 1590 613 1658 ad
629 1591 823 1676 exemplaris
839 1591 981 1658 Lectiani
995 1593 1171 1676 marginem
1192 1594 1301 1656 enota-

175 1708 227 1769 tas
261 1703 377 1769 Oxonii
405 1703 438 1769 in
474 1701 675 1768 Bibliotheca
702 1702 880 1768 Bodleiano
907 1703 991 1769 inter
1020 1701 1162 1768 Dorvillii
1192 1722 1301 1770 manu·

175 1812 298 1897 scripta
318 1813 371 1898 (X.
390 1816 418 1894 1,
434 1817 464 1894 4,
483 1814 538 1897 27)
561 1812 636 1879 vidi.
681 1811 874 1878 ADorvillio
897 1833 952 1878 eas
974 1814 1098 1896 accepit
1112 1813 1250 1897 Lennep.

255 1971 287 2040 0
330 1966 400 2034 cod.
422 1967 586 2033 Parisinus
615 1964 720 2049 suppl.
742 1985 788 2049 gr.
814 1967 874 2030 109
896 1965 1037 2032 chartac.
1064 1985 1149 2032 saec.
1177 1965 1236 2032 XV
1258 1965 1301 2033 ab

177 2088 289 2154 eadem
311 2092 349 2154 ut
365 2086 491 2153 ridetur
512 2107 609 2152 manu
631 2086 832 2151 vitiosissime
853 2087 992 2170 scriptus
1014 2105 1079 2172 qua
1100 2085 1227 2152 celeber
1247 2083 1303 2152 ille

114 2260 117 2268 .
177 2199 300 2288 Quinti·
314 2197 480 2282 Smyrnaei
509 2196 611 2263 codex
639 2195 851 2280 Monacensis3
878 2195 991 2290 glossis
1015 2195 1171 2279 plurimis,
1194 2194 1302 2262 latinis

174 2332 300 2397 quoque
313 2309 516 2390 intermixtis,
535 2307 673 2372 refertus
696 2311 754 2372 est.
787 2306 912 2373 Primus
932 2311 1007 2390 post
1026 2305 1205 2388 Patzigium
1226 2326 1301 2373 oon·

176 2421 250 2489 tulit
264 2421 418 2487 Tournier
439 2419 503 2506 (cui
526 2424 597 2485 erat
621 2419 672 2503 0),
695 2419 751 2503 qni
765 2439 885 2502 paucas
899 2423 1026 2484 tantum
1039 2439 1079 2484 ex
1094 2438 1133 2484 eo
1147 2416 1301 2486 lectiones

175 2532 322 2618 protulit3
344 2531 458 2598 tertius
480 2551 539 2614 ego
561 2529 689 2597 contuli.

255 2680 294 2750 G
333 2675 435 2743 codex
450 2676 619 2744 Gothanus
633 2697 674 2742 ex
695 2675 901 2760 antiquarum
917 2675 1094 2741 editionum
1116 2675 1227 2758 aliqua
1248 2681 1303 2754 (ex

178 2798 268 2866 Porti
289 2797 429 2864 editione
451 2801 488 2862 nt
508 2796 586 2862 mihi
609 2795 739 2880 quidem
766 2794 903 2878 videtur)
927 2794 1104 2878 descriptus
1126 2798 1189 2874 eet,
1216 2793 1303 2882 quod

177 2908 298 2992 primm
318 2907 399 2974 vidit
420 2907 457 2974 0.
474 2906 656 2976 Schneider.
704 2905 783 2972 Eius
810 2905 960 2972 lectiones
980 2903 1103 2990 publici
1128 2903 1207 2972 iuris
1227 2903 1304 2973 fecit

177 3019 230 3084 Fr.
257 3017 385 3084 Passow
419 3019 454 3083 in
480 3017 567 3084 calce
601 3017 724 3084 Musaei
756 3037 787 3081 a.
825 3017 908 3081 1810
941 3015 1070 3099 Lipsiae
1102 3035 1122 3082 a
1153 3035 1188 3082 se
1224 3014 1304 3112 editi

180 3150 212 3216 p.
228 3130 419 3195 lea-170.

256 3273 288 3344 Ῑι
332 3274 402 3342 cod.
425 3275 522 3340 Laur.
545 3273 626 3358 plut.
648 3271 755 3340 XXXI
777 3271 847 3340 cod.
870 3273 911 3336 27
934 3272 1035 3338 chart.
1059 3292 1142 3339 saec.
1158 3271 1219 3340 XV
1240 3273 1303 3341 col-

179 3391 264 3458 latus
286 3394 383 3459 etiam
405 3415 426 3460 a
448 3393 768 3461 Biscionioa.1745.
813 3394 902 3473 Quae
915 3391 1089 3458 Dorvilliuo
1109 3413 1150 3459 ex
1171 3413 1210 3460 eo
1232 3413 1304 3461 eno

181 3506 305 3568 taverat
321 3510 355 3570 et
376 3525 449 3571 cum
464 3505 627 3590 Lennepio
643 3503 896 3582 communicavit,
920 3508 1126 3569 asservantur
1138 3503 1172 3568 in
1195 3501 1305 3576 codice

179 3611 354 3680 Bodleiano
374 3636 473 3700 supra
493 3615 637 3682 laudato.

257 3786 295 3855 N
337 3785 407 3852 coc
423 3785 655 3869 Neapolitanus
677 3785 709 3850 11
720 3785 747 3850 F
760 3789 810 3865 17,
832 3785 936 3851 chart.
951 3805 1036 3852 saec.
1050 3785 1113 3851 XV
1135 3785 1306 3854 abeodem

179 3923 276 3970 manu
296 3925 363 3989 qua
384 3904 494 3983 Quinti
513 3905 682 3989 Smyrnaei
704 3904 806 3972 codex
819 3905 1053 3972 Parrhasianus
1067 3907 1304 3990 praestantissi-

180 4033 249 4080 mus
271 4021 433 4083 exaratus.
461 4015 564 4083 Huius
585 4017 704 4084 codicis
725 4015 854 4084 collatio
876 4017 1050 4086 innumeris
1071 4017 1157 4085 vitiis
1178 4022 1305 4085 scatens

180 4125 312 4192 editioni
332 4127 549 4212 Weigelianae
569 4128 695 4194 adiecta
717 4134 776 4195 est.
