3092 4662
610 313 818 376 ..33-

153 497 228 569 erat)
242 495 389 570 profectus
403 497 486 554 simul
501 497 607 556 collato
622 496 776 556 Homerico
795 495 1041 562 πολυπίδακος
1052 491 1139 573 Ἴδης,
1152 499 1182 556 id
1195 500 1272 571 quod

150 587 411 648 133111Ρ1313313
431 604 546 661 quoque
570 590 600 647 in
623 597 747 648 mentem
772 596 905 660 venerat,
931 585 1068 668 εὸκρηνον
1093 587 1137 648 ἐπλ
1157 591 1273 669 πρηῶνα

154 677 310 757 Φαλάκρης
330 682 467 753 coniecit,
492 681 684 753 Harlesioque
707 682 850 756 probavit.
891 682 983 755 Quam
1010 685 1203 743 coniecturam
1224 687 1272 757 qui

150 789 187 832 ea
217 774 253 832 de
283 790 372 833 causa
399 774 579 833 Wernilrium
610 780 726 834 secutus
757 777 867 849 sprevit
896 776 1029 849 Belrlrer,
1061 777 1138 849 quod
1167 785 1272 851 poetae

148 868 282 927 Nonnum
307 869 412 926 imitati
433 884 489 927 non
510 869 741 927 continuaverint
766 869 925 942 spondeos,
952 871 1055 928 merito
1080 869 1272 944 reprehensus

149 965 197 1020 est
215 977 234 1019 a
254 958 369 1019 Graelio
393 977 421 1033 p.
436 967 500 1032 242,
529 960 566 1018 ab
586 960 751 1020 Hermanno
777 978 806 1033 p.
821 967 848 1030 8,
875 966 906 1018 et
929 977 948 1019 3
972 961 1148 1022 Schneidero
1172 980 1201 1036 p.
1215 970 1270 1023 431

148 1054 263 1113 collatis
290 1070 346 1113 vss.
365 1061 407 1114 13.
430 1061 475 1112 21.
497 1061 543 1112 32.
566 1060 611 1112 69.
634 1061 678 1112 61.
703 1061 749 1113 83.
772 1055 837 1113 127.
861 1061 925 1113 132.
948 1056 1012 1114 137.
1035 1061 1098 1116 143.
1120 1062 1184 1115 205.
1206 1062 1271 1114 236.

149 1153 215 1206 241.
237 1153 302 1206 282.
323 1154 388 1206 365.
409 1148 473 1207 370.
510 1180 540 1188 -
576 1146 718 1206 »Fallitur
743 1148 831 1205 etiam
856 1164 959 1207 censor
982 1147 1111 1206 Bekheri
1136 1148 1271 1206 Halensis

148 1246 189 1309 (a.
203 1246 285 1299 1816.
299 1257 342 1298 nr.
352 1241 416 1299 113.
436 1245 584 1312 1318133.)
599 1235 739 1317 ἐάκρηνον
752 1257 924 1314 proponens.
951 1241 976 1299 11
991 1241 1053 1300 cod.
1064 1241 1137 1300 Mut.
1149 1236 1272 1318 Ἰδαίηοι

147 1331 273 1410 κάρηνον
293 1333 464 1390 eliciendum
482 1331 502 1389 f.
519 1329 630 1408 Ἰδαίης
651 1330 804 1408 άκάρηνον,
825 1335 850 1390 31
864 1349 880 1390 3
894 1334 1069 1407 geographis
1082 1334 1271 1406 probandum.

148 1441 285 1486 cacumen
300 1426 354 1484 hoe
367 1427 491 1484 caeteris
505 1425 635 1485 obtusius
648 1423 746 1482 fuisse.
778 1425 809 1485 Si
823 1423 992 1502 τρικάρηνον
1005 1426 1178 1500 praefertur,
1197 1427 1271 1485 Pha·
1324 1437 1326 1441 ·

145 1519 245 1577 leorae
270 1535 372 1578 nomen
397 1519 511 1592 poetice
538 1518 660 1577 (131313
688 1525 786 1577 monte
814 1519 867 1578 Ida
890 1519 985 1591 accipi
1011 1518 1125 1576 debet«.
1152 1519 1270 1578 Grael.

145 1629 177 1686 p.
197 1618 261 1670 242.
302 1611 443 1670 Graviora
472 1610 587 1670 molitus
619 1615 665 1668 est
689 1610 848 1668 Schneider
878 1629 906 1683 p.
926 1617 996 1682 431,
1025 1612 1075 1682 qui
1099 1629 1155 1670 non
1179 1612 1270 1671 solum

145 1704 239 1771 Idam,
264 1703 316 1762 sed
337 1705 425 1762 ctiam
444 1703 616 1762 Phalacrum
644 1701 735 1761 luisse
761 1704 918 1776 tricipitem
943 1709 1073 1762 veterum
1098 1706 1270 1778 scriptorum

144 1796 321 1854 testimoniis
346 1796 470 1855 nondum
496 1795 650 1868 probatum
677 1811 742 1852 esse
766 1795 902 1854 Bekkero
928 1794 1095 1873 τρικάρηνον
1118 1797 1270 1870 recipienti

146 1888 285 1961 obiciens,
301 1885 480 1966 ἐθῆηοασδε,
492 1887 634 1963 μολοῦσαι
646 1881 730 1964 Ἴδης
743 1885 807 1944 αἰπὺ
823 1887 954 1964 κάρηνον,
968 1887 1021 1945 ὑπὸ
1033 1909 1079 1966 πρ.
1097 1887 1131 1947 Φ.
1146 1891 1270 1963 scripsit,

145 1983 307 2055 integrum,
326 1998 383 2040 non
403 1988 566 2042 truncatum
588 1980 713 2058 κάρηνον
732 1989 853 2054 propter
872 1981 1010 2039 librorum
1030 1998 1198 2042 consensum
1217 2001 1270 2057 pu·

144 2083 221 2147 tans,
237 2082 420 2147 »corruptum
434 2079 530 2132 autem
550 2071 656 2151 Ἰδαίης
670 2074 721 2132 131
732 2070 864 2148 Ἰδαίηοι,
878 2089 934 2144 quo
948 2073 1092 2136 adiectivo
1106 2091 1192 2146 quum
1206 2093 1269 2136 sae·

144 2170 212 2242 pius
234 2185 302 2226 usus
324 2170 362 2226 sit
383 2168 531 2226 colluthus
553 2199 586 2208 -
610 2166 750 2225 31134.
772 2167 818 2226 io.
840 2173 903 2225 101.
927 2173 990 2226 118.
1012 2175 1077 2227 201.
1099 2169 1269 2228 -videtur

144 2261 230 2320 huius
251 2263 296 2320 rei
314 2262 453 2319 memoria
472 2266 667 2318 uanrversnm
689 2261 785 2332 egisse
799 2275 871 2332 eum,
893 2260 942 2331 qui
962 2261 991 2318 in
1011 2261 1110 2320 codice
1131 2265 1268 2336 scriptum

143 2390 296 2447 invenerat
315 2390 370 2446 sic:
391 2349 475 2464 Ἴδηης
494 2385 626 2464 κάρηναν,
654 2393 686 2444 ut
705 2387 734 2444 in
754 2405 784 2442 αι
804 2387 901 2444 131313
921 2394 1039 2460 putaret
1058 2405 1114 2448 non
1134 2392 1268 2449 omissum

143 2483 283 2556 primum,
312 2489 373 2540 tum
405 2481 569 2554 suppletum
599 2484 629 2537 31
654 2497 719 2539 mox
745 2479 896 2538 evanidam
927 2498 963 2539 ex
986 2487 1070 2554 parte
1096 2482 1268 2541 adiectivum

143 2570 225 2646 αίπύ,
252 2567 772 2648 331113313Ἴδης33113311313113.
813 2572 877 2645 Ego
911 2572 1092 2651 τρικάρηνον,
1125 2575 1267 2646 Bekkero,

142 2667 265 2736 Iuliano,
285 2666 451 2724 Hermanno
471 2675 512 2737 tp.
527 2670 556 2732 8)
579 2669 609 2721 et
627 2663 749 2721 Lehrsio
769 2664 924 2736 probatum
946 2667 1063 2738 retinui,
1090 2673 1119 2724 31
1139 2682 1202 2724 cum
1222 2669 1268 2724 Iu·

144 2761 223 2820 liano
242 2777 297 2833 per
315 2760 501 2833 hypallagem
521 2774 574 2830 pro
595 2755 647 2814 ὑπὸ
672 2756 833 2834 Φαλάκρην,
860 2759 976 2836 πρηῶνα
993 2752 1079 2836 Ἴδης
1098 2757 1267 2836 τρικαρήνου

143 2853 254 2911 dictum
275 2869 340 2910 esse
353 2859 438 2925 puto;
457 2851 535 2908 haud
554 2850 640 2908 aliter
659 2866 684 2908 v.
701 2857 755 2909 100
772 2846 873 2929 ’λδαίην
893 2845 984 2929 ἄκρην
1004 2847 1091 2927 ὄρεος
1104 2869 1156 2925 pro
1176 2851 1268 2929 ἄκρην

139 2942 251 3002 Ἰδαίου
274 2941 364 3022 ὄρεος
388 2945 505 3018 scripsit
532 2951 640 3002 noster.
665 2974 703 2985 -
728 2939 781 2999 ὑπο
799 2944 831 3001 Μ
852 2951 877 3002 1.
903 2940 948 3001 ἐπὶ
971 2946 1176 3018 suprascripsit
1194 2945 1227 3003 M
1241 2953 1268 3016 2,

142 3079 177 3131 nt
190 3074 300 3132 hahent
313 3073 396 3132 codd.
408 3073 480 3130 dett.
498 3077 527 3130 31
542 3070 608 3130 edd.
623 3076 690 3128 aute
701 3069 837 3142 Rakkan,
849 3035 1004 3148 peidxpoic
1014 3072 1055 3144 M,
1070 3087 1143 3130 corr.
1154 3071 1187 3128 M
1198 3079 1267 3130 2.-

143 3165 181 3226 11
201 3164 284 3243 πάριν
304 3166 406 3225 MSW
422 3165 473 3238 [G]
496 3164 517 3223 G
537 3168 605 3237 post
625 3179 697 3222 corr.
720 3169 749 3220 et
769 3162 845 3234 edd,
865 3161 1212 3242 πάλιν111011,πάρ1ιν
1232 3166 1267 3236 A,

142 3262 174 3317 in
194 3277 283 3336 quop
298 3276 364 3317 am.
380 3267 396 3317 2
412 3275 449 3316 ex,
468 3256 483 3314 λ
496 3263 529 3314 31
541 3255 668 3325 videtur3
689 3253 891 3328 οίοῇπάλοιοιν
910 3255 952 3324 Μ,
972 3256 1092 3316 11333133
1107 3263 1136 3314 31
1156 3276 1170 3314 ν
1184 3252 1268 3332 ἐφελ-

142 3351 282 3410 κυατικάν
302 3353 370 3411 add.
384 3353 417 3410 M
432 3359 458 3409 2.
480 3351 528 3423 qui
547 3351 577 3407 in
590 3365 680 3422 marg.
695 3346 849 3404 οἰοπόλοιοι
867 3348 1030 3422 adscripsit.
1052 3383 1089 3391 -
1110 3349 1148 3408 16
1163 3351 1267 3422 Quam·

142 3462 230 3518 quam
252 3445 370 3504 verbum
390 3441 569 3520 ἀγάλλεσθαι
589 3442 699 3513 absque
720 3441 836 3500 adiecto
857 3441 953 3500 dativo
975 3445 1004 3500 in
1026 3443 1159 3502 (lollutho
1179 3450 1267 3516 poeta

143 3554 248 3612 parum
269 3539 395 3610 eleganti
415 3535 485 3595 ferri
505 3551 592 3609 posse
616 3536 824 3593 existimaverit
846 3535 981 3608 Lennep,
1000 3538 1145 3595 tamenin
1168 3545 1266 3597 nostro

142 3639 278 3704 poemate
298 3646 439 3702 nusquam
459 3627 637 3705 ἀγάλλεσθαι
659 3627 737 3684 nude
750 3629 877 3698 positum
895 3628 1018 3700 reperiri
1031 3645 1149 3688 monens
1169 3632 1199 3689 in
1219 3649 1266 3692 no·

141 3723 334 3801 113βαοελείηι
353 3721 574 3798 ρ1οβασίλειαν
595 3721 729 3791 33113311,
751 3736 836 3791 quam
857 3721 1052 3780 coniecturam
1073 3725 1102 3780 in
1115 3725 1265 3783 Addendis

141 3819 317 3892 improbavit
336 3835 355 3876 a
373 3817 545 3876 Ruhnkenio
566 3831 619 3888 per
638 3815 754 3871 litteras
776 3813 883 3872 erroris
904 3813 1068 3873 admonitus
1089 3819 1194 3878 collato
1208 3820 1264 3894 Op·

140 3912 227 3984 piano
247 3910 315 3969 Hal.
330 3910 370 3969 IV
385 3917 448 3970 328.
471 3917 536 3978 360.
568 3907 670 3965 Nonne
692 3905 819 3974 1113139,
836 3912 906 3977 242;
927 3914 972 3980 46,
989 3916 1053 3969 240.
1085 3944 1116 3954 —-
1146 3911 1266 3988 ἀγαλλο-

136 4001 226 4113 μένην
240 4037 287 4106 Μ,
309 4035 360 4094 sed
381 4037 513 4110 spiritum
535 4032 664 4103 addidit,
684 4050 704 4086 α
724 4033 931 4105 suprascripsit
943 4035 975 4092 M
990 4044 1032 4109 2.;
1052 4040 1208 4122 αφρρὸῐη-η,
1222 4042 1263 4098 Μ,

192 4132 216 4172 n.
232 4130 315 4178 3131,
334 4128 438 4171 culum.
1044 4131 1061 4180 3
