3078 4654
708 275 940 338 -102-

266 473 294 521 r.
317 469 373 522 289
398 459 484 518 nimis
510 457 633 535 abrupte
658 459 790 532 additur,
816 475 903 534 quum
927 457 1020 536 αὐτὰρ
1044 456 1105 535 ἐγώ
1129 477 1186 520 non
1210 460 1319 519 habeat
1343 466 1402 519 eut

267 557 430 630 oppositum
451 555 499 628 sit,
519 555 575 612 nisi
593 555 787 628 praecesserit
803 553 1009 614 Laomedontis
1029 553 1146 623 mentio,
1168 555 1215 612 cui
1235 554 1404 612 servierint

266 650 419 722 Neptunus
439 653 470 707 et
481 647 596 721 Apollo.
616 647 784 719 quibuscum
799 652 833 705 ut
845 647 1051 706 Laomedontis
1071 648 1273 706 commercium
1292 645 1403 714 fueritr

266 743 310 800 ita
329 740 385 799 sibi
404 756 467 799 curn
486 740 580 798 tribus
599 740 655 798 illis
670 739 780 798 deabus
792 738 882 798 luisse
895 737 981 798 Paris
1002 739 1082 797 dicit.
1113 740 1213 811 itaque
1232 757 1290 798 nou
1310 740 1395 798 dixe·

267 835 322 891 rim
345 849 409 892 cum
433 833 598 892 Hermanno
628 849 685 892 non
710 832 871 890 desiderari
896 832 951 889 nisi
976 847 1063 890 unum
1089 847 1218 903 versum,
1253 833 1284 890 in
1309 833 1394 890 cuins

267 925 350 984 initio
369 924 458 984 fuerit
477 925 579 1002 τείχεα
596 923 803 1000 μαρμαίροντα.
834 925 889 983 hcc
909 925 984 982 enim
1003 925 1032 981 in
1046 924 1207 983 Mutinensi
1226 925 1334 996 legitur
1355 941 1393 983 eo

266 1018 329 1078 loco
351 1034 407 1090 quo
426 1019 531 1090 reliqui
551 1018 665 1077 codices
682 1017 790 1076 habent
811 1017 910 1094 τείχεα
926 1014 967 1092 μὴ
985 1015 1131 1074 πίπτοντα.
1163 1017 1297 1088 equidem
1317 1017 1391 1075 illud

266 1128 284 1170 a
304 1111 389 1171 docto
411 1112 468 1184 [il]
489 1111 586 1184 potius
606 1111 667 1170 viro
682 1111 732 1182 qui
747 1109 874 1169 codicem
886 1109 1081 1167 Mutinensem
1095 1110 1213 1182 scripsit
1228 1109 1392 1182 proiectum

265 1204 430 1278 putaverim
450 1205 505 1276 cui,
526 1219 613 1275 quum
633 1204 662 1261 in
682 1202 863 1276 expedienda
884 1202 1005 1260 evanida
1024 1203 1174 1275 prototypi
1188 1205 1233 1260 sui
1247 1205 1402 1276 scripturo

267 1303 346 1356 esset
372 1303 542 1370 occupatus,
567 1297 770 1369 intempestive
794 1296 931 1354 memoria
958 1295 1135 1366 suggerebat
1160 1297 1317 1356 Homerica
1340 1296 1402 1354 illa

266 1387 402 1468 τεύχεα
419 1389 626 1466 μαρμοᾴνοντο.
657 1389 709 1447 sed
728 1390 782 1447 hoc
802 1404 916 1459 quoque
935 1404 992 1447 non
1011 1389 1201 1446 concesserim
1215 1389 1400 1462 Hermanno*

266 1459 347 1542 rebe
360 1484 469 1541 nabere
484 1479 523 1538 ον
538 1479 620 1558 ope
635 1515 669 1524 -
685 1478 839 1558 δωμήσατο
855 1514 890 1522 -
905 1478 1072 1538 nocerem
1088 1480 1135 1537 και
1154 1481 1298 1538 Ἀπόνιον.
1326 1500 1393 1540 nam

269 1577 324 1634 etsi
343 1576 413 1633 nihil
434 1575 597 1634 offensionis
617 1573 706 1632 habet
720 1571 874 1651 δωμήσατο
889 1571 1057 1631 Ποσειδάων
1072 1574 1120 1632 καὶ
1133 1574 1269 1632 Ἀπόλλων
1283 1609 1321 1619 -
1336 1593 1394 1649 quo

269 1668 396 1741 syntaxis
418 1682 525 1739 genere
544 1667 575 1722 in
594 1665 696 1723 eadem
716 1683 748 1724 re
768 1683 837 1724 usus
858 1671 904 1724 est
916 1666 1060 1724 Hesiodus
1077 1665 1150 1738 ira-g.
1173 1675 1227 1726 136
1243 1669 1399 1728 Marksch..

269 1766 315 1834 (=
335 1768 371 1819 51
394 1759 515 1828 Goettl.)
536 1756 586 1814 dre
606 1761 704 1836 τεῖχος
724 1755 874 1836 ἐϋδμήτοιο
893 1757 999 1836 πόληος
1019 1757 1123 1837 ὑψηλὸν
1143 1761 1270 1837 ποίησε
1291 1760 1393 1818 Ποσει·

268 1851 347 1911 δάων
368 1851 416 1908 καὶ
432 1848 570 1908 Ἀπόλλων
590 1867 717 1922 ususque
738 1858 783 1909 est
803 1853 945 1910 Homerus
966 1853 999 1910 ΙΙ.
1022 1859 1071 1924 16ζ
1091 1859 1147 1912 844
1171 1852 1217 1909 σοὶ
1238 1851 1294 1928 γὰρ
1320 1849 1394 1910 ἔδον·

268 1965 319 2006 κεν
338 1945 414 2024 νίκην
434 1943 508 2012 Ζεὺς
529 1943 666 2023 Κρονίδης
687 1942 735 2000 καὶ
751 1941 904 2016 Ἀπόλλων,
930 1951 1028 2003 tamen
1048 1945 1179 2003 additum
1200 1953 1355 2018 praeterea
1375 1946 1399 2002 οΙ

266 2040 320 2117 μὲν
340 2041 413 2099 adeo
434 2055 579 2098 enormem
598 2039 672 2096 hanc
691 2037 789 2096 reddit
812 2043 1001 2110 structuram,
1027 2044 1135 2097 utnon
1155 2041 1249 2111 possit
1268 2057 1326 2098 uon
1346 2057 1395 2098 su·

269 2135 358 2193 boriri
376 2135 559 2205 corruptelae
579 2132 712 2204 suspicio.
753 2131 927 2188 correxerim
948 2127 988 2186 ὧν
1009 2130 1181 2207 τὰμὲν-
1202 2131 1316 2208 τείχεα,
1337 2135 1393 2190 nisi

267 2225 344 2286 forte
364 2231 494 2298 praestet
507 2223 616 2302 liraefii
635 2225 782 2282 inventum
803 2223 849 2281 οἷοι
865 2223 919 2300 μέν
940 2226 1134 2285 coniciendae
1170 2227 1342 2299 Bernhardy
1360 2228 1390 2282 in

268 2319 446 2402 ¹(lraecarum
465 2319 629 2376 litterarum
648 2318 771 2376 historia
797 2319 856 2386 (ed.
878 2327 894 2377 3
915 2320 1074 2391 11p.4cs)
1102 2320 1217 2378 doctum
1238 2321 1394 2392 quemdam

267 2412 417 2470 librarium
436 2411 526 2469 rerba
540 2408 708 2467 Ποσειδάων
729 2409 778 2467 καὶ
793 2409 930 2468 Ἀπόλλων
952 2429 988 2470 ex
1008 2429 1033 2471 v.
1049 2419 1103 2470 281
1126 2418 1155 2470 et
1170 2415 1225 2472 aot
1242 2414 1310 2471 huic
1328 2415 1391 2472 loco

267 2505 389 2564 lacunae
410 2502 589 2563 obfncandae
615 2519 702 2562 causa
728 2503 875 2562 iniarsisse
902 2506 1024 2576 putavit.
1050 2537 1087 2546 -
1114 2503 1173 2563 291
1191 2505 1328 2579 βασιλεια
1346 2507 1396 2576 Μ;.

268 2597 443 2663 δικάσπολος
462 2614 498 2656 ex
512 2595 691 2662 δικασπόλος
711 2597 747 2668 0;
776 2630 807 2638 -
836 2594 900 2654 292
921 2595 1129 2675 ακηχεμένῃσιν
1149 2599 1195 2670 Μ,
1216 2596 1392 2677 ἀμηχεμένῃ·

269 2710 312 2749 οιν
324 2693 352 2751 R
366 2698 397 2749 et
408 2691 474 2750 fort.
489 2691 525 2749 N.
555 2690 682 2762 Vulgata
703 2691 848 2762 scriptura
863 2690 987 2748 offensus
1002 2692 1075 2748 hacc
1089 2691 1255 2763 Schneider,
1277 2711 1306 2764 p.
1321 2700 1390 2751 444:

270 2785 427 2858 »pervelim
448 2784 523 2841 scire
543 2799 594 2840 cur
613 2787 739 2840 maestas
760 2790 848 2855 poeta
868 2783 946 2841 dicat
965 2781 1055 2841 fuisse
1076 2784 1160 2856 deas,
1185 2801 1241 2856 quo
1263 2789 1392 2858 tempore

268 2877 352 2934 Paris
378 2876 414 2932 de
440 2874 655 2946 pulchritudine
681 2890 778 2932 earum
804 2875 961 2933 iudicabat.
1001 2875 1145 2933 Venerem
1169 2882 1249 2934 certe
1269 2878 1395 2949 legimus

268 2987 296 3028 v.
313 2975 368 3028 158
385 2967 534 3044 μειδιᾶσαι
552 2984 606 3024 nec
620 2973 776 3039 potuerunt
789 2970 919 3041 reliquae
933 2970 1059 3027 nondum
1073 2970 1233 3028 diiudicata
1245 2987 1278 3028 re
1293 2972 1389 3028 tristes

270 3077 343 3122 esse.
384 3063 427 3118 sin
449 3066 545 3118 antem
565 3061 728 3134 putaveris,
754 3062 830 3132 quod
855 3061 972 3120 fuerunt
993 3063 1040 3133 qui
1061 3069 1206 3135 putarent,
1229 3063 1391 3122 Colluthum

268 3154 468 3232 προληπτικῶς
488 3154 558 3212 deas
578 3155 686 3212 dixisse
706 3157 851 3214 maestitia
871 3156 999 3227 affectes,
1021 3171 1092 3227 quas
1112 3172 1215 3214 revera
1230 3162 1298 3228 post
1312 3157 1394 3214 Pari·

270 3249 314 3308 dis
341 3250 454 3308 demum
480 3248 617 3306 iudicium
638 3249 736 3306 tristes
762 3265 825 3306 esse
853 3265 907 3320 par
932 3247 1000 3316 fuit,
1027 3264 1063 3306 ne
1088 3249 1142 3307 hoc
1168 3249 1284 3320 quidem
1310 3253 1391 3322 patet

269 3347 368 3414 aptum
389 3358 462 3413 esse,
483 3357 569 3412 quum
583 3339 681 3397 Venus
699 3345 780 3397 certe
799 3356 856 3398 non
875 3339 997 3398 haberet
1018 3357 1069 3397 cur
1088 3346 1243 3410 maereret,
1264 3347 1297 3399 ut
1318 3358 1392 3413 quae

269 3435 299 3490 in
325 3435 481 3492 certamine
506 3433 610 3491 victrix
636 3438 720 3491 esset.
759 3434 858 3504 itaque
883 3440 998 3505 poetam
1021 3451 1078 3492 non
1104 3433 1298 3514 dxpyeps'vpce
1323 3438 1391 3495 scri·

269 3526 362 3598 psisse
383 3531 463 3598 puto,
484 3523 769 3602 οοᾶδμηχανέουοιν,
790 3526 835 3583 cui
856 3527 1039 3584 coniecturae
1061 3529 1169 3599 aliquid
1190 3529 1303 3586 accedit
1322 3547 1393 3602 pon-

270 3617 347 3675 deris
368 3618 424 3692 [l‘i]
447 3634 481 3676 ex
500 3618 607 3676 codicis
621 3619 798 3676 Reimariani
813 3621 956 3692 scriptura
978 3621 1075 3690 [immo
1097 3624 1207 3694 errore]
1229 3638 1304 3693 qnae
1325 3624 1390 3680 talis

271 3717 328 3770 est:
352 3710 552 3789 ἀμηχεμένηοο
589 3713 625 3770 de
645 3715 798 3786 participio
819 3731 875 3772 non
895 3721 972 3773 moto
994 3714 1030 3772 cf.
1050 3716 1143 3774 Noun.
1165 3714 1249 3772 Dion.
1272 3723 1319 3782 30,
1335 3723 1389 3774 282

270 3801 338 3860 ἰδών
358 3809 388 3862 et
407 3805 533 3863 Lobeck.
564 3807 664 3864 Parni.
686 3824 714 3878 p.
736 3814 817 3866 55οο
854 3803 1049 3886 ἀκηχεμένῃσι
1068 3815 1149 3865 reate
1170 3808 1326 3880 explicavit
1346 3810 1389 3866 Iu·

270 3897 328 3954 lien
347 3913 376 3968 p.
399 3897 466 3967 137,
493 3897 543 3954 ubi
559 3899 637 3956 deas
658 3905 725 3956 aute
751 3899 888 3956 iudicium
909 3900 1101 3958 solucitudine
1121 3901 1264 3958 cruciatos
1287 3917 1321 3959 eo
1343 3919 1390 3960 vo·

270 3988 372 4048 cabulo
389 3987 555 4060 designatas
567 4007 640 4049 esse
660 3992 731 4050 alios
752 3996 868 4049 secutus
889 3992 995 4051 docuit.
1027 3995 1169 4052 Tournier
1189 3998 1286 4051 eutem
1306 4011 1335 4066 p.
1355 4003 1390 4053 36
