3092 4662
695 397 886 461 ..6-

227 584 272 650 ad
293 582 562 668 praestantissimi
577 581 696 648 codicis
709 581 898 648 Mutinensis
920 603 941 648 a
962 601 996 648 se
1017 582 1121 667 primo
1143 583 1225 648 mira
1247 583 1353 667 negle-

228 695 339 780 gentia
349 693 459 760 collati
472 692 569 758 fidem
588 691 690 758 edidit
704 693 865 777 auxitque,
881 696 915 758 et
927 692 961 757 in
977 693 1060 760 notis
1075 712 1130 759 eos
1145 691 1251 758 Nonni
1263 693 1352 760 locos

167 789 170 796 ’
225 804 393 886 indicavit,
407 823 496 887 -quos
519 823 540 868 a
562 797 710 869 Oollbtho
729 807 894 886 respectos
909 824 979 871 esse
993 803 1073 869 vidit
1087 801 1249 869 indefessa
1265 805 1352 871 War-

225 913 304 979 nilrii
316 969 317 972 ,
330 913 506 997 diligentia.
558 915 608 980 Ex
636 932 694 978 sna
712 913 812 996 ipsius
835 914 1017 980 coniectura
1038 912 1167 978 Bekker
1183 903 1250 980 fe‘re
1271 913 1351 978 nihil

225 1023 500 1106 materiamque
523 1022 602 1089 locis
630 1021 903 1106 depravatissimis
928 1023 978 1088 vel
1001 1028 1112 1088 eontra
1134 1029 1271 1090 metrum
1293 1043 1354 1106 pu·

226 1133 396 1218 gnantibus
418 1135 557 1199 animum
580 1135 746 1200 advertere
768 1134 877 1202 voluit.
910 1134 1190 1212 Hane'editionem
1206 1135 1258 1200 rix
1274 1132 1354 1199 duo-

226 1243 286 1310 bus
312 1244 391 1310 lccie
417 1247 576 1309 mutatam
602 1245 706 1327 repeti
727 1245 855 1310 curavit
876 1244 914 1310 G.
931 1245 971 1310 H.
995 1244 1148 1310 Schaeier
1169 1244 1297 1329 Lipsiae
1320 1265 1354 1310 a.

228 1345 310 1421 1823
332 1355 417 1440 typis
438 1354 658 1437 Weigelianis,
687 1355 742 1438 qui
764 1355 864 1421 etiam
887 1355 1093 1439 Neapolitani
1115 1355 1234 1421 codicis
1256 1355 1356 1421 colla·
1494 1405 1497 1408 ⁴

225 1465 343 1530 donem
364 1465 470 1532 nescio
491 1485 589 1548 aquo
601 1465 874 1550 neglegentissime
889 1466 1066 1532 confectam
1087 1467 1214 1531 adiecit.
1260 1465 1357 1531 Eius-

227 1573 302 1640 dem
326 1574 464 1640 Bekkeri
487 1575 625 1658 vestigiis
644 1575 794 1641 insistens
817 1576 853 1640 Α.
877 1575 1031 1641 Stanislaa
1047 1576 1153 1640 Julian
1168 1573 1353 1640 Golluthum

226 1683 329 1750 edidit
350 1682 481 1748 Parisiis
513 1703 543 1748 a.
568 1685 665 1764 1823,
695 1685 729 1748 in
757 1705 822 1768 qua
851 1685 989 1750 editione
1018 1686 1157 1751 correxit
1186 1705 1310 1751 errores
1331 1705 1357 1750 a

167 1826 177 1831 ·
226 1792 377 1860 Bekkero
402 1793 436 1858 in
464 1793 679 1860 exscribendis
707 1795 860 1877 Lennepii
887 1796 971 1860 notis
998 1795 1201 1875 commissos,
1235 1796 1354 1860 iterum

228 1904 365 1970 eontulit
393 1903 473 1970 duos
496 1904 621 1970 codices
641 1904 801 2002 Rarisinos
824 1905 863 1989 (P
878 1910 912 1971 et
927 1907 967 1990 Q)
990 1927 1161 1988 eorumque
1182 1906 1353 1988 imaginem

225 2013 304 2079 satis
325 2013 454 2079 fidelem
476 2006 631 2094 adiunxit,
654 2014 784 2080 addidit
805 2035 861 2081 sex
876 2017 1047 2096 versiones,
1069 2016 1230 2094 Latinam,
1254 2014 1353 2079 Fran-

224 2123 427 2208 ecgallicam,
449 2123 605 2205 Italicam,
628 2107 845 2208 Hispanicam,
869 2126 1103 2205 Germanicam,
1127 2130 1290 2204 otuelus,
1319 2125 1353 2188 in

226 2231 340 2318 quibus
359 2234 503 2316 priorum
516 2235 730 2317 interpretum
747 2240 779 2300 et
793 2237 976 2303 criticorum
992 2237 1166 2301 sententias
1181 2256 1244 2303 non
1260 2233 1354 2302 nimie

226 2341 432 2427 neglegenter
454 2345 650 2409 enumeravit
669 2350 701 2409 et
718 2345 871 2411 nonnulla
885 2351 992 2413 textus
1006 2347 1084 2413 vitia
1106 2347 1280 2412 emendare
1302 2365 1353 2410 cc-

226 2457 321 2519 na'tus
351 2458 410 2521 est.
454 2454 625 2539 Aliquanto
651 2454 728 2539 plus
759 2456 869 2537 credo,
899 2457 999 2523 Iulien
1026 2456 1228 2540 profecisset,
1256 2456 1284 2520 si
1311 2455 1354 2520 le-

226 2563 324 2647 gisset
346 2582 385 2629 aa
407 2583 490 2647 qnae
514 2584 739 2648 nonnunquam
764 2564 947 2631 felicissima
960 2565 1108 2632 Graefius
1123 2565 1279 2630 Demetrii
1293 2564 1354 2632 Po·

226 2673 318 2758 pcffii
343 2673 616 2772 observationibus
638 2675 673 2740 in
692 2673 875 2741 Oollntbum
896 2677 1084 2759 conscriptis
1108 2675 1167 2740 sed
1187 2694 1352 2758 nunquam

226 2787 263 2848 nt
284 2782 410 2849 videtur
430 2783 517 2867 typis
538 2776 699 2849 mandatis
724 2785 767 2850 ad
786 2785 870 2850 hunc
883 2784 1028 2850 laborem
1044 2785 1202 2850 excitatus
1225 2784 1268 2848 ad
1284 2783 1355 2849 Gol-

225 2891 351 2956 lnthnrn
378 2891 612 2957 emendandum
642 2893 881 2976 excogitaverat
902 2893 952 2959 vel
973 2893 1060 2959 haud
1081 2895 1129 2960 ita
1150 2913 1227 2961 raro
1249 2893 1356 2958 hario-

226 2999 312 3065 latns
343 2999 450 3084 potius
478 3004 549 3068 erat
570 2999 730 3085 Petropoli
762 3023 791 3068 a.
817 3005 909 3086 1818,
936 3024 1018 3089 quae
1040 3005 1181 3088 repetita
1207 3003 1356 3087 leguntur

226 3108 261 3174 in
282 3108 369 3176 calce
390 3107 538 3174 editionis
559 3108 784 3195 Lennepianac
802 3111 1008 3179 aSchaefero
1029 3119 1162 3179 curatae
1185 3117 1229 3197 (p.
1243 3116 1355 3179 241-

227 3219 315 3304 260).
357 3217 460 3285 Multo
481 3217 576 3304 plum
593 3239 675 3304 quae
688 3221 820 3303 probari
833 3223 961 3305 possint
976 3221 1112 3306 protudit
1126 3222 1259 3288 Godofr.
1274 3221 1355 3288 Her-
1480 3239 1482 3246 ⁴

226 3347 325 3396 mann
358 3328 392 3395 in
429 3327 735 3397 »Emendationibns
769 3329 920 3397 Coluthi‹
956 3332 1098 3416 (Lipsiae
1130 3333 1226 3415 1828)
1264 3326 1355 3398 cuius

226 3437 356 3504 inventa
384 3439 610 3506 audacioribus
636 3440 827 3524 quibusdam
858 3446 982 3506 tantum
1010 3442 1136 3506 reiectis
1159 3441 1226 3506 fere
1249 3441 1355 3507 omnia

227 3546 262 3611 in
277 3620 279 3624 .
294 3550 417 3612 textum
447 3549 571 3634 recepit
598 3549 633 3615 F.
655 3551 687 3615 S.
713 3550 815 3617 Lehrs
848 3551 904 3634 qui
939 3551 974 3615 in
1004 3552 1112 3634 prima
1140 3551 1280 3618 editione
1310 3553 1353 3636 (a

230 3657 313 3723 1840
332 3657 368 3722 in
384 3657 567 3725 collectione
582 3659 755 3726 Didotiana
770 3678 841 3725 cum
856 3660 1010 3740 Hesiodo,
1034 3661 1150 3739 Quinto
1168 3663 1354 3744 Smyrnaeo,

228 3765 399 3849 Apollonio
413 3766 550 3846 Rhodio,
571 3769 711 3851 Musaeo,
733 3771 964 3854 Tryphiodoro,
987 3773 1114 3856 Tzatra)
1138 3771 1178 3838 de
1195 3793 1253 3838 suo
1275 3767 1356 3836 nihil

228 3874 294 3955 lere
309 3875 444 3958 addidit,
466 3877 500 3942 in
512 3880 772 3946 secundaautem
787 3881 962 3946 eorundem
986 3883 1179 3966 scriptorum
1205 3881 1353 3962 editione,

229 4004 313 4070 quas
334 4007 418 4054 anno
434 3989 517 4054 1842
538 3989 696 4073 prodiisse
718 3989 842 4066 dicitnr,
864 3991 945 4055 duos
960 3991 1100 4058 Oolluthi
1121 4011 1232 4057 versus
1249 3991 1355 4057 aldu-

228 4095 345 4162 tinensi
372 4095 457 4164 libro
485 4098 553 4166 solo
581 4105 723 4166 servatos
753 4107 786 4167 et
810 4121 832 4166 a
854 4099 979 4168 Millero
1001 4102 1107 4186 primo
1129 4101 1289 4169 indicatos
1313 4139 1354 4152 ‹-
