<?xml version="1.0" encoding="UTF-8"?>
<!DOCTYPE html PUBLIC "-//W3C//DTD XHTML 1.0 Transitional//EN"
    "http://www.w3.org/TR/xhtml1/DTD/xhtml1-transitional.dtd">
<html xmlns="http://www.w3.org/1999/xhtml" xml:lang="en" lang="en">
 <head>
  <title>
</title>
<meta http-equiv="Content-Type" content="text/html;charset=utf-8" />
  <meta name='ocr-system' content='tesseract 3.04.00' />
  <meta name='ocr-capabilities' content='ocr_page ocr_carea ocr_par ocr_line ocrx_word'/>
</head>
<body>
  <div class='ocr_page' id='page_1' title='image "./colluthilycopol00collgoog_0125.png"; bbox 0 0 3078 4654; ppageno 0'>
   <div class='ocr_carea' id='block_1_1' title="bbox 590 320 821 384">
    <p class='ocr_par' dir='ltr' id='par_1_1' title="bbox 590 320 821 384">
     <span class='ocr_line' id='line_1_1' title="bbox 590 320 821 384; baseline 0.004 -2"><span class='ocrx_word' id='word_1_1' title='bbox 590 320 821 384; x_wconf 81' lang='lat'>—121-</span> 
     </span>
    </p>
   </div>
   <div class='ocr_carea' id='block_1_2' title="bbox 132 501 1267 2370">
    <p class='ocr_par' dir='ltr' id='par_1_2' title="bbox 132 501 1267 2370">
     <span class='ocr_line' id='line_1_2' title="bbox 133 501 1266 585; baseline 0.002 -19"><span class='ocrx_word' id='word_1_2' title='bbox 133 501 841 585; x_wconf 72' lang='grc' dir='ltr'><em>πόνωνύριιαυραπαρηγοροςύπνσςοοαλλςίι.</em></span> <span class='ocrx_word' id='word_1_3' title='bbox 854 507 1266 568; x_wconf 84' lang='lat' dir='ltr'><strong>Versusanrorumuntem</strong></span> 
     </span>
     <span class='ocr_line' id='line_1_3' title="bbox 134 595 1267 679; baseline 0.006 -24"><span class='ocrx_word' id='word_1_4' title='bbox 134 596 194 679; x_wconf 74' lang='grc' dir='ltr'><strong>(ηῶ</strong></span> <span class='ocrx_word' id='word_1_5' title='bbox 214 595 389 677; x_wconf 75' lang='grc' dir='ltr'>ἀρχομένην)</span> <span class='ocrx_word' id='word_1_6' title='bbox 408 616 474 660; x_wconf 91' lang='lat' dir='ltr'><strong>cnm</strong></span> <span class='ocrx_word' id='word_1_7' title='bbox 495 601 551 659; x_wconf 88' lang='lat' dir='ltr'><strong>iam</strong></span> <span class='ocrx_word' id='word_1_8' title='bbox 574 600 733 674; x_wconf 86' lang='lat' dir='ltr'><strong>profundus</strong></span> <span class='ocrx_word' id='word_1_9' title='bbox 754 602 806 660; x_wconf 90' lang='lat' dir='ltr'><strong>ille</strong></span> <span class='ocrx_word' id='word_1_10' title='bbox 825 617 949 676; x_wconf 84' lang='lat' dir='ltr'>somnus,</span> <span class='ocrx_word' id='word_1_11' title='bbox 970 618 1026 674; x_wconf 87' lang='lat' dir='ltr'><strong>quo</strong></span> <span class='ocrx_word' id='word_1_12' title='bbox 1046 602 1175 662; x_wconf 89' lang='lat' dir='ltr'><strong>homines</strong></span> <span class='ocrx_word' id='word_1_13' title='bbox 1188 603 1267 662; x_wconf 83' lang='lat' dir='ltr'><strong>vela</strong></span> 
     </span>
     <span class='ocr_line' id='line_1_4' title="bbox 132 693 1267 779; baseline 0.004 -27"><span class='ocrx_word' id='word_1_14' title='bbox 132 693 305 754; x_wconf 90' lang='lat' dir='ltr'><strong>somniando</strong></span> <span class='ocrx_word' id='word_1_15' title='bbox 317 693 516 767; x_wconf 86' lang='lat' dir='ltr'><strong>prohibentur,</strong></span> <span class='ocrx_word' id='word_1_16' title='bbox 535 695 666 768; x_wconf 80' lang='lat' dir='ltr'><strong>puellam</strong></span> <span class='ocrx_word' id='word_1_17' title='bbox 682 695 867 779; x_wconf 79' lang='lat' dir='ltr'><strong>deseruisset,</strong></span> <span class='ocrx_word' id='word_1_18' title='bbox 887 696 964 756; x_wconf 88' lang='lat' dir='ltr'><strong>duae</strong></span> <span class='ocrx_word' id='word_1_19' title='bbox 977 698 1151 756; x_wconf 89' lang='lat' dir='ltr'><strong>somniorum</strong></span> <span class='ocrx_word' id='word_1_20' title='bbox 1163 700 1267 770; x_wconf 86' lang='lat' dir='ltr'><strong>portae</strong></span> 
     </span>
     <span class='ocr_line' id='line_1_5' title="bbox 133 788 1266 864; baseline 0.001 -16"><span class='ocrx_word' id='word_1_21' title='bbox 133 794 258 862; x_wconf 82' lang='lat' dir='ltr'><strong>apertae</strong></span> <span class='ocrx_word' id='word_1_22' title='bbox 276 796 344 850; x_wconf 88' lang='lat' dir='ltr'><strong>sunt</strong></span> <span class='ocrx_word' id='word_1_23' title='bbox 357 795 388 850; x_wconf 87' lang='lat' dir='ltr'><strong>et</strong></span> <span class='ocrx_word' id='word_1_24' title='bbox 400 789 569 864; x_wconf 87' lang='lat' dir='ltr'><strong>prodierunt</strong></span> <span class='ocrx_word' id='word_1_25' title='bbox 582 792 693 850; x_wconf 83' lang='lat' dir='ltr'><strong>somnia</strong></span> <span class='ocrx_word' id='word_1_26' title='bbox 705 791 782 851; x_wconf 87' lang='lat' dir='ltr'><strong>hona</strong></span> <span class='ocrx_word' id='word_1_27' title='bbox 803 797 833 851; x_wconf 89' lang='lat' dir='ltr'><strong>et</strong></span> <span class='ocrx_word' id='word_1_28' title='bbox 851 791 933 854; x_wconf 87' lang='lat' dir='ltr'><strong>falsa.</strong></span> <span class='ocrx_word' id='word_1_29' title='bbox 963 793 1020 851; x_wconf 88' lang='lat' dir='ltr'><strong>illa</strong></span> <span class='ocrx_word' id='word_1_30' title='bbox 1039 797 1136 850; x_wconf 85' lang='lat' dir='ltr'><strong>antem</strong></span> <span class='ocrx_word' id='word_1_31' title='bbox 1156 788 1266 851; x_wconf 87' lang='lat' dir='ltr'><strong>falsis</strong></span> 
     </span>
     <span class='ocr_line' id='line_1_6' title="bbox 132 884 1266 957; baseline 0 -13"><span class='ocrx_word' id='word_1_32' title='bbox 132 885 253 944; x_wconf 87' lang='lat' dir='ltr'><strong>somniis</strong></span> <span class='ocrx_word' id='word_1_33' title='bbox 264 884 388 957; x_wconf 89' lang='lat' dir='ltr'><strong>decepta</strong></span> <span class='ocrx_word' id='word_1_34' title='bbox 397 888 519 944; x_wconf 83' lang='lat' dir='ltr'><strong>matrem</strong></span> <span class='ocrx_word' id='word_1_35' title='bbox 530 885 621 944; x_wconf 91' lang='lat' dir='ltr'><strong>oculis</strong></span> <span class='ocrx_word' id='word_1_36' title='bbox 634 901 753 944; x_wconf 87' lang='lat' dir='ltr'><strong>cernere</strong></span> <span class='ocrx_word' id='word_1_37' title='bbox 766 885 823 945; x_wconf 91' lang='lat' dir='ltr'><strong>sibi</strong></span> <span class='ocrx_word' id='word_1_38' title='bbox 836 887 898 946; x_wconf 87' lang='lat' dir='ltr'><strong>visa</strong></span> <span class='ocrx_word' id='word_1_39' title='bbox 912 891 958 945; x_wconf 89' lang='lat' dir='ltr'><strong>est</strong></span> <span class='ocrx_word' id='word_1_40' title='bbox 968 892 1040 946; x_wconf 78' lang='lat' dir='ltr'><strong>etc«</strong></span> <span class='ocrx_word' id='word_1_41' title='bbox 1056 919 1091 929; x_wconf 96' lang='lat'><em>-</em></span> <span class='ocrx_word' id='word_1_42' title='bbox 1103 885 1266 945; x_wconf 85' lang='lat' dir='ltr'><strong>Praeterea</strong></span> 
     </span>
     <span class='ocr_line' id='line_1_7' title="bbox 134 974 1266 1055; baseline -0.001 -18"><span class='ocrx_word' id='word_1_43' title='bbox 134 982 204 1050; x_wconf 88' lang='lat' dir='ltr'><strong>post</strong></span> <span class='ocrx_word' id='word_1_44' title='bbox 216 974 433 1055; x_wconf 74' lang='grc' dir='ltr'><strong>δολοφροσύνης</strong></span> <span class='ocrx_word' id='word_1_45' title='bbox 451 977 509 1036; x_wconf 89' lang='lat' dir='ltr'><strong>duo</strong></span> <span class='ocrx_word' id='word_1_46' title='bbox 530 977 713 1037; x_wconf 79' lang='lat' dir='ltr'><strong>hemistichia</strong></span> <span class='ocrx_word' id='word_1_47' title='bbox 727 979 850 1051; x_wconf 89' lang='lat' dir='ltr'><strong>periisse</strong></span> <span class='ocrx_word' id='word_1_48' title='bbox 863 978 998 1050; x_wconf 86' lang='lat' dir='ltr'><strong>indicavi,</strong></span> <span class='ocrx_word' id='word_1_49' title='bbox 1019 978 1122 1052; x_wconf 88' lang='lat' dir='ltr'><strong>quibus</strong></span> <span class='ocrx_word' id='word_1_50' title='bbox 1143 979 1266 1038; x_wconf 87' lang='lat' dir='ltr'><strong>alteram</strong></span> 
     </span>
     <span class='ocr_line' id='line_1_8' title="bbox 133 1071 1265 1146; baseline -0.001 -16"><span class='ocrx_word' id='word_1_51' title='bbox 133 1072 311 1131; x_wconf 85' lang='lat' dir='ltr'><strong>somniorum</strong></span> <span class='ocrx_word' id='word_1_52' title='bbox 319 1077 433 1145; x_wconf 88' lang='lat' dir='ltr'><strong>portam</strong></span> <span class='ocrx_word' id='word_1_53' title='bbox 444 1087 480 1130; x_wconf 85' lang='lat' dir='ltr'><strong>ex</strong></span> <span class='ocrx_word' id='word_1_54' title='bbox 491 1073 648 1146; x_wconf 86' lang='lat' dir='ltr'><strong>elephanto</strong></span> <span class='ocrx_word' id='word_1_55' title='bbox 657 1071 763 1133; x_wconf 86' lang='lat' dir='ltr'><strong>iactam</strong></span> <span class='ocrx_word' id='word_1_56' title='bbox 775 1087 839 1132; x_wconf 90' lang='lat' dir='ltr'><strong>esse</strong></span> <span class='ocrx_word' id='word_1_57' title='bbox 852 1073 1016 1132; x_wconf 89' lang='lat' dir='ltr'><strong>necessario</strong></span> <span class='ocrx_word' id='word_1_58' title='bbox 1028 1071 1180 1131; x_wconf 89' lang='lat' dir='ltr'><strong>dicendum</strong></span> <span class='ocrx_word' id='word_1_59' title='bbox 1192 1077 1265 1130; x_wconf 88' lang='lat' dir='ltr'><strong>erat.</strong></span> 
     </span>
     <span class='ocr_line' id='line_1_9' title="bbox 136 1163 1265 1245; baseline -0.001 -22"><span class='ocrx_word' id='word_1_60' title='bbox 136 1197 170 1208; x_wconf 87' lang='lat'><em>—</em></span> <span class='ocrx_word' id='word_1_61' title='bbox 191 1163 255 1224; x_wconf 82' lang='grc'><strong>369</strong></span> <span class='ocrx_word' id='word_1_62' title='bbox 271 1163 464 1245; x_wconf 79' lang='grc' dir='ltr'><em>ἀκηχεμενησι</em></span> <span class='ocrx_word' id='word_1_63' title='bbox 480 1167 526 1238; x_wconf 88' lang='grc' dir='ltr'><strong>Μ;</strong></span> <span class='ocrx_word' id='word_1_64' title='bbox 541 1163 785 1243; x_wconf 82' lang='grc' dir='ltr'><em>βλεφάροισινΜ;</em></span> <span class='ocrx_word' id='word_1_65' title='bbox 802 1201 835 1210; x_wconf 91' lang='grc'><strong>-</strong></span> <span class='ocrx_word' id='word_1_66' title='bbox 855 1164 919 1225; x_wconf 88' lang='grc'><strong>370</strong></span> <span class='ocrx_word' id='word_1_67' title='bbox 932 1165 1071 1230; x_wconf 86' lang='grc' dir='ltr'><em>πολλακις</em></span> <span class='ocrx_word' id='word_1_68' title='bbox 1083 1165 1125 1238; x_wconf 88' lang='grc' dir='ltr'><strong>Μ,</strong></span> <span class='ocrx_word' id='word_1_69' title='bbox 1144 1163 1265 1222; x_wconf 80' lang='grc' dir='ltr'><em>πολλάκι</em></span> 
     </span>
     <span class='ocr_line' id='line_1_10' title="bbox 134 1256 1260 1337; baseline -0.002 -19"><span class='ocrx_word' id='word_1_70' title='bbox 134 1259 175 1331; x_wconf 88' lang='grc' dir='ltr'><strong>Ρ;</strong></span> <span class='ocrx_word' id='word_1_71' title='bbox 194 1256 343 1316; x_wconf 81' lang='grc' dir='ltr'><em>ὁπνωοισιν</em></span> <span class='ocrx_word' id='word_1_72' title='bbox 363 1259 404 1333; x_wconf 90' lang='lat' dir='ltr'><strong>M,</strong></span> <span class='ocrx_word' id='word_1_73' title='bbox 424 1256 570 1317; x_wconf 82' lang='grc' dir='ltr'><em>ὑπνώουσι</em></span> <span class='ocrx_word' id='word_1_74' title='bbox 592 1259 657 1330; x_wconf 82' lang='lat' dir='ltr'><strong>OP,</strong></span> <span class='ocrx_word' id='word_1_75' title='bbox 678 1257 811 1318; x_wconf 81' lang='grc' dir='ltr'><em>ύπνόουσι</em></span> <span class='ocrx_word' id='word_1_76' title='bbox 832 1261 870 1333; x_wconf 58' lang='lat'><strong>(23</strong></span> <span class='ocrx_word' id='word_1_77' title='bbox 899 1258 969 1337; x_wconf 79' lang='grc' dir='ltr'><em>ύψαλ</em></span> <span class='ocrx_word' id='word_1_78' title='bbox 989 1258 1139 1317; x_wconf 84' lang='grc' dir='ltr'><em>κλαίουσαι</em></span> <span class='ocrx_word' id='word_1_79' title='bbox 1157 1259 1204 1330; x_wconf 92' lang='grc' dir='ltr'><strong>Μ;</strong></span> <span class='ocrx_word' id='word_1_80' title='bbox 1229 1291 1260 1300; x_wconf 85' lang='grc'><strong>-</strong></span> 
     </span>
     <span class='ocr_line' id='line_1_11' title="bbox 132 1350 1263 1433; baseline 0.002 -21"><span class='ocrx_word' id='word_1_81' title='bbox 132 1351 192 1412; x_wconf 89' lang='grc'><strong>371</strong></span> <span class='ocrx_word' id='word_1_82' title='bbox 213 1350 229 1430; x_wconf 72' lang='grc' dir='ltr'><em>ἡ</em></span> <span class='ocrx_word' id='word_1_83' title='bbox 250 1353 333 1414; x_wconf 89' lang='lat' dir='ltr'><strong>codd.</strong></span> <span class='ocrx_word' id='word_1_84' title='bbox 353 1359 384 1414; x_wconf 89' lang='lat' dir='ltr'><strong>et</strong></span> <span class='ocrx_word' id='word_1_85' title='bbox 397 1354 473 1427; x_wconf 75' lang='lat' dir='ltr'><strong>edd,</strong></span> <span class='ocrx_word' id='word_1_86' title='bbox 494 1351 511 1432; x_wconf 72' lang='grc' dir='ltr'><em>ἢ</em></span> <span class='ocrx_word' id='word_1_87' title='bbox 532 1371 601 1426; x_wconf 79' lang='lat' dir='ltr'><strong>ego;</strong></span> <span class='ocrx_word' id='word_1_88' title='bbox 618 1373 673 1430; x_wconf 79' lang='grc' dir='ltr'><strong>μεν</strong></span> <span class='ocrx_word' id='word_1_89' title='bbox 687 1355 734 1426; x_wconf 90' lang='grc' dir='ltr'><strong>Μ;</strong></span> <span class='ocrx_word' id='word_1_90' title='bbox 755 1352 926 1413; x_wconf 78' lang='grc' dir='ltr'><em>ἀλιτεύουσα</em></span> <span class='ocrx_word' id='word_1_91' title='bbox 940 1355 1014 1429; x_wconf 80' lang='lat' dir='ltr'><strong>Mo,</strong></span> <span class='ocrx_word' id='word_1_92' title='bbox 1034 1351 1213 1433; x_wconf 79' lang='grc' dir='ltr'><em>ἀλητεύουσα</em></span> <span class='ocrx_word' id='word_1_93' title='bbox 1227 1354 1263 1422; x_wconf 86' lang='grc' dir='ltr'><strong>Α,</strong></span> 
     </span>
     <span class='ocr_line' id='line_1_12' title="bbox 134 1443 1261 1526; baseline 0.001 -22"><span class='ocrx_word' id='word_1_94' title='bbox 134 1443 313 1523; x_wconf 77' lang='grc' dir='ltr'><em>ἀνητεύουσα</em></span> <span class='ocrx_word' id='word_1_95' title='bbox 334 1447 375 1519; x_wconf 83' lang='lat' dir='ltr'><strong>G3</strong></span> <span class='ocrx_word' id='word_1_96' title='bbox 407 1445 627 1526; x_wconf 81' lang='grc' dir='ltr'><em>δαῖφροσύνησιν</em></span> <span class='ocrx_word' id='word_1_97' title='bbox 653 1453 728 1518; x_wconf 87' lang='lat' dir='ltr'><strong>(cum</strong></span> <span class='ocrx_word' id='word_1_98' title='bbox 750 1449 846 1520; x_wconf 81' lang='lat' dir='ltr'><strong>glossa</strong></span> <span class='ocrx_word' id='word_1_99' title='bbox 870 1447 1035 1525; x_wconf 81' lang='grc' dir='ltr'><em>διαβουλαῒς</em></span> <span class='ocrx_word' id='word_1_100' title='bbox 1059 1449 1088 1506; x_wconf 88' lang='lat' dir='ltr'><strong>in</strong></span> <span class='ocrx_word' id='word_1_101' title='bbox 1116 1448 1151 1520; x_wconf 80' lang='grc' dir='ltr'><strong>Ο)</strong></span> <span class='ocrx_word' id='word_1_102' title='bbox 1178 1447 1261 1506; x_wconf 89' lang='lat' dir='ltr'><strong>codd.</strong></span> 
     </span>
     <span class='ocr_line' id='line_1_13' title="bbox 134 1539 1261 1616; baseline -0.003 -16"><span class='ocrx_word' id='word_1_103' title='bbox 134 1539 208 1600; x_wconf 86' lang='lat' dir='ltr'><strong>dett.</strong></span> <span class='ocrx_word' id='word_1_104' title='bbox 229 1546 261 1599; x_wconf 91' lang='lat' dir='ltr'><strong>et</strong></span> <span class='ocrx_word' id='word_1_105' title='bbox 282 1540 348 1600; x_wconf 89' lang='lat' dir='ltr'><strong>edd.</strong></span> <span class='ocrx_word' id='word_1_106' title='bbox 369 1547 437 1601; x_wconf 90' lang='lat' dir='ltr'><strong>ante</strong></span> <span class='ocrx_word' id='word_1_107' title='bbox 450 1541 587 1614; x_wconf 78' lang='lat' dir='ltr'><strong>Behher,</strong></span> <span class='ocrx_word' id='word_1_108' title='bbox 608 1544 657 1614; x_wconf 91' lang='lat' dir='ltr'><strong>qui</strong></span> <span class='ocrx_word' id='word_1_109' title='bbox 677 1542 753 1614; x_wconf 89' lang='lat' dir='ltr'><strong>quod</strong></span> <span class='ocrx_word' id='word_1_110' title='bbox 774 1544 831 1602; x_wconf 91' lang='lat' dir='ltr'><strong>iam</strong></span> <span class='ocrx_word' id='word_1_111' title='bbox 844 1542 964 1616; x_wconf 93' lang='lat' dir='ltr'><strong>Lennep</strong></span> <span class='ocrx_word' id='word_1_112' title='bbox 984 1542 1157 1615; x_wconf 90' lang='lat' dir='ltr'><strong>coniecerat,</strong></span> <span class='ocrx_word' id='word_1_113' title='bbox 1178 1540 1261 1598; x_wconf 92' lang='grc' dir='ltr'><em>δολο-</em></span> 
     </span>
     <span class='ocr_line' id='line_1_14' title="bbox 134 1629 1261 1714; baseline 0.003 -24"><span class='ocrx_word' id='word_1_114' title='bbox 134 1629 310 1712; x_wconf 86' lang='grc' dir='ltr'><em>φροσύνησιν</em></span> <span class='ocrx_word' id='word_1_115' title='bbox 332 1634 413 1694; x_wconf 82' lang='lat' dir='ltr'><strong>exM</strong></span> <span class='ocrx_word' id='word_1_116' title='bbox 432 1636 552 1708; x_wconf 87' lang='lat' dir='ltr'><strong>recepit.</strong></span> <span class='ocrx_word' id='word_1_117' title='bbox 571 1669 601 1678; x_wconf 90' lang='lat'>-</span> <span class='ocrx_word' id='word_1_118' title='bbox 624 1634 687 1694; x_wconf 77' lang='lat'><strong>872</strong></span> <span class='ocrx_word' id='word_1_119' title='bbox 704 1655 817 1713; x_wconf 83' lang='grc' dir='ltr'><em>μητερα</em></span> <span class='ocrx_word' id='word_1_120' title='bbox 829 1637 871 1710; x_wconf 95' lang='grc' dir='ltr'><strong>Μ,</strong></span> <span class='ocrx_word' id='word_1_121' title='bbox 889 1634 1016 1714; x_wconf 84' lang='grc' dir='ltr'><em>μητέραν</em></span> <span class='ocrx_word' id='word_1_122' title='bbox 1037 1634 1172 1706; x_wconf 80' lang='lat' dir='ltr'>OLNR3</span> <span class='ocrx_word' id='word_1_123' title='bbox 1193 1643 1261 1693; x_wconf 86' lang='grc' dir='ltr'><em>ωῑσ-</em></span> 
     </span>
     <span class='ocr_line' id='line_1_15' title="bbox 135 1723 1262 1804; baseline 0.004 -20"><span class='ocrx_word' id='word_1_124' title='bbox 135 1745 210 1784; x_wconf 83' lang='grc' dir='ltr'><em>σατο</em></span> <span class='ocrx_word' id='word_1_125' title='bbox 223 1727 264 1799; x_wconf 89' lang='grc' dir='ltr'><strong>Μ,</strong></span> <span class='ocrx_word' id='word_1_126' title='bbox 280 1723 388 1785; x_wconf 79' lang='grc' dir='ltr'><em>ὠΐσατο</em></span> <span class='ocrx_word' id='word_1_127' title='bbox 402 1727 459 1800; x_wconf 83' lang='lat' dir='ltr'><strong>GQ</strong></span> <span class='ocrx_word' id='word_1_128' title='bbox 472 1729 598 1802; x_wconf 86' lang='lat' dir='ltr'><strong>Behher,</strong></span> <span class='ocrx_word' id='word_1_129' title='bbox 613 1729 718 1799; x_wconf 90' lang='lat' dir='ltr'><strong>Lehrs‚</strong></span> <span class='ocrx_word' id='word_1_130' title='bbox 730 1751 748 1785; x_wconf 85' lang='grc' dir='ltr'><em>α</em></span> <span class='ocrx_word' id='word_1_131' title='bbox 761 1730 792 1787; x_wconf 92' lang='lat' dir='ltr'><strong>in</strong></span> <span class='ocrx_word' id='word_1_132' title='bbox 806 1747 905 1804; x_wconf 81' lang='lat' dir='ltr'><strong>marg,</strong></span> <span class='ocrx_word' id='word_1_133' title='bbox 920 1725 1047 1787; x_wconf 83' lang='grc' dir='ltr'><em>ὠΐσσατο</em></span> <span class='ocrx_word' id='word_1_134' title='bbox 1061 1729 1138 1801; x_wconf 87' lang='lat' dir='ltr'><strong>rell.;</strong></span> <span class='ocrx_word' id='word_1_135' title='bbox 1161 1727 1262 1788; x_wconf 81' lang='grc' dir='ltr'><em>τοιαδὲ</em></span> 
     </span>
     <span class='ocr_line' id='line_1_16' title="bbox 132 1819 1260 1902; baseline 0.002 -23"><span class='ocrx_word' id='word_1_136' title='bbox 132 1819 176 1890; x_wconf 91' lang='grc' dir='ltr'><strong>Μ,</strong></span> <span class='ocrx_word' id='word_1_137' title='bbox 190 1819 290 1877; x_wconf 81' lang='grc' dir='ltr'><em>τοιάδε</em></span> <span class='ocrx_word' id='word_1_138' title='bbox 304 1822 343 1894; x_wconf 71' lang='lat' dir='ltr'><strong>Q,</strong></span> <span class='ocrx_word' id='word_1_139' title='bbox 362 1853 392 1863; x_wconf 80' lang='lat'><em>-</em></span> <span class='ocrx_word' id='word_1_140' title='bbox 409 1819 469 1879; x_wconf 89' lang='grc'><strong>373</strong></span> <span class='ocrx_word' id='word_1_141' title='bbox 485 1828 551 1900; x_wconf 83' lang='grc' dir='ltr'><em>ἴαχε</em></span> <span class='ocrx_word' id='word_1_142' title='bbox 565 1819 703 1900; x_wconf 75' lang='grc' dir='ltr'><em>δαμβήσα</em></span> <span class='ocrx_word' id='word_1_143' title='bbox 715 1823 762 1894; x_wconf 90' lang='grc' dir='ltr'><strong>Μ;</strong></span> <span class='ocrx_word' id='word_1_144' title='bbox 776 1822 919 1902; x_wconf 80' lang='grc' dir='ltr'><em>αχνυμενη</em></span> <span class='ocrx_word' id='word_1_145' title='bbox 932 1825 980 1896; x_wconf 87' lang='grc' dir='ltr'><strong>Μ;</strong></span> <span class='ocrx_word' id='word_1_146' title='bbox 999 1822 1090 1882; x_wconf 84' lang='grc' dir='ltr'><em>εσῦσα</em></span> <span class='ocrx_word' id='word_1_147' title='bbox 1102 1823 1143 1881; x_wconf 88' lang='grc' dir='ltr'><strong>Μ.</strong></span> <span class='ocrx_word' id='word_1_148' title='bbox 1170 1823 1260 1883; x_wconf 86' lang='lat' dir='ltr'><strong>Tour-</strong></span> 
     </span>
     <span class='ocr_line' id='line_1_17' title="bbox 135 1914 1262 1992; baseline 0.002 -18"><span class='ocrx_word' id='word_1_149' title='bbox 135 1915 200 1974; x_wconf 89' lang='lat' dir='ltr'><strong>nier</strong></span> <span class='ocrx_word' id='word_1_150' title='bbox 219 1934 248 1989; x_wconf 90' lang='lat' dir='ltr'><strong>p.</strong></span> <span class='ocrx_word' id='word_1_151' title='bbox 263 1922 310 1974; x_wconf 85' lang='lat'><strong>46.</strong></span> <span class='ocrx_word' id='word_1_152' title='bbox 330 1918 367 1975; x_wconf 75' lang='lat'><strong>4⁷</strong></span> <span class='ocrx_word' id='word_1_153' title='bbox 389 1935 443 1992; x_wconf 82' lang='grc' dir='ltr'><strong>περ</strong></span> <span class='ocrx_word' id='word_1_154' title='bbox 463 1922 530 1989; x_wconf 88' lang='lat' dir='ltr'><strong>post</strong></span> <span class='ocrx_word' id='word_1_155' title='bbox 550 1914 598 1973; x_wconf 79' lang='grc' dir='ltr'><strong>καλ</strong></span> <span class='ocrx_word' id='word_1_156' title='bbox 617 1917 743 1990; x_wconf 89' lang='lat' dir='ltr'><strong>positum</strong></span> <span class='ocrx_word' id='word_1_157' title='bbox 762 1933 818 1976; x_wconf 94' lang='lat' dir='ltr'><strong>non</strong></span> <span class='ocrx_word' id='word_1_158' title='bbox 838 1918 894 1976; x_wconf 90' lang='lat' dir='ltr'><strong>nisi</strong></span> <span class='ocrx_word' id='word_1_159' title='bbox 921 1933 1131 1989; x_wconf 88' lang='lat' dir='ltr'><strong>quamquam</strong></span> <span class='ocrx_word' id='word_1_160' title='bbox 1152 1915 1262 1989; x_wconf 84' lang='lat' dir='ltr'><strong>signifi-</strong></span> 
     </span>
     <span class='ocr_line' id='line_1_18' title="bbox 133 2005 1261 2088; baseline -0.001 -20"><span class='ocrx_word' id='word_1_161' title='bbox 133 2025 202 2069; x_wconf 82' lang='lat' dir='ltr'><strong>care</strong></span> <span class='ocrx_word' id='word_1_162' title='bbox 223 2025 309 2083; x_wconf 88' lang='lat' dir='ltr'><strong>posse</strong></span> <span class='ocrx_word' id='word_1_163' title='bbox 331 2015 362 2068; x_wconf 89' lang='lat' dir='ltr'><strong>et</strong></span> <span class='ocrx_word' id='word_1_164' title='bbox 375 2015 530 2082; x_wconf 84' lang='lat' dir='ltr'><strong>praeterea</strong></span> <span class='ocrx_word' id='word_1_165' title='bbox 542 2006 634 2066; x_wconf 82' lang='grc' dir='ltr'><em>ἐοῦσα</em></span> <span class='ocrx_word' id='word_1_166' title='bbox 647 2011 771 2069; x_wconf 90' lang='lat' dir='ltr'><strong>otiosum</strong></span> <span class='ocrx_word' id='word_1_167' title='bbox 786 2027 850 2069; x_wconf 91' lang='lat' dir='ltr'><strong>esse</strong></span> <span class='ocrx_word' id='word_1_168' title='bbox 864 2009 1049 2080; x_wconf 90' lang='lat' dir='ltr'><strong>contendens,</strong></span> <span class='ocrx_word' id='word_1_169' title='bbox 1070 2005 1136 2088; x_wconf 84' lang='grc' dir='ltr'><em>ἴαχε</em></span> <span class='ocrx_word' id='word_1_170' title='bbox 1149 2006 1261 2086; x_wconf 67' lang='grc' dir='ltr'><em>δαμβη</em></span> 
     </span>
     <span class='ocr_line' id='line_1_19' title="bbox 133 2097 1259 2182; baseline -0.002 -20"><span class='ocrx_word' id='word_1_171' title='bbox 133 2122 224 2172; x_wconf 84' lang='grc' dir='ltr'><em>σασα,</em></span> <span class='ocrx_word' id='word_1_172' title='bbox 251 2101 494 2182; x_wconf 84' lang='grc' dir='ltr'><em>συναχνυμένη</em></span> <span class='ocrx_word' id='word_1_173' title='bbox 519 2101 699 2182; x_wconf 87' lang='grc' dir='ltr'><em>παρεούση</em></span> <span class='ocrx_word' id='word_1_174' title='bbox 725 2104 812 2163; x_wconf 83' lang='lat' dir='ltr'><strong>scribi</strong></span> <span class='ocrx_word' id='word_1_175' title='bbox 832 2105 924 2163; x_wconf 90' lang='lat' dir='ltr'><strong>iussit.</strong></span> <span class='ocrx_word' id='word_1_176' title='bbox 947 2137 980 2145; x_wconf 94' lang='lat'><em>-</em></span> <span class='ocrx_word' id='word_1_177' title='bbox 1010 2101 1072 2161; x_wconf 87' lang='grc'><strong>374</strong></span> <span class='ocrx_word' id='word_1_178' title='bbox 1089 2097 1193 2181; x_wconf 77' lang='grc' dir='ltr'><em>χδῖζον</em></span> <span class='ocrx_word' id='word_1_179' title='bbox 1214 2103 1259 2174; x_wconf 91' lang='grc' dir='ltr'><strong>Μ;</strong></span> 
     </span>
     <span class='ocr_line' id='line_1_20' title="bbox 133 2193 1259 2275; baseline -0.004 -19"><span class='ocrx_word' id='word_1_180' title='bbox 133 2195 290 2275; x_wconf 76' lang='grc' dir='ltr'><em>ὀδυρομένη</em></span> <span class='ocrx_word' id='word_1_181' title='bbox 311 2198 349 2270; x_wconf 81' lang='lat' dir='ltr'><strong>Q3</strong></span> <span class='ocrx_word' id='word_1_182' title='bbox 376 2195 424 2254; x_wconf 86' lang='grc' dir='ltr'><strong>καλ</strong></span> <span class='ocrx_word' id='word_1_183' title='bbox 444 2213 496 2271; x_wconf 87' lang='lat' dir='ltr'><strong>pro</strong></span> <span class='ocrx_word' id='word_1_184' title='bbox 518 2216 557 2274; x_wconf 89' lang='grc' dir='ltr'><strong>με</strong></span> <span class='ocrx_word' id='word_1_185' title='bbox 576 2198 648 2270; x_wconf 77' lang='lat' dir='ltr'><strong>AQ3</strong></span> <span class='ocrx_word' id='word_1_186' title='bbox 673 2196 761 2274; x_wconf 87' lang='grc' dir='ltr'><em>δόμον</em></span> <span class='ocrx_word' id='word_1_187' title='bbox 781 2198 826 2270; x_wconf 76' lang='lat' dir='ltr'><strong>M,</strong></span> <span class='ocrx_word' id='word_1_188' title='bbox 853 2193 1028 2274; x_wconf 84' lang='grc' dir='ltr'><em>ὀδυρομένην</em></span> <span class='ocrx_word' id='word_1_189' title='bbox 1051 2195 1089 2252; x_wconf 82' lang='grc' dir='ltr'><strong>τί</strong></span> <span class='ocrx_word' id='word_1_190' title='bbox 1109 2194 1205 2272; x_wconf 82' lang='grc' dir='ltr'><em>δόμων</em></span> <span class='ocrx_word' id='word_1_191' title='bbox 1223 2197 1259 2272; x_wconf 88' lang='grc' dir='ltr'><strong>μ’</strong></span> 
     </span>
     <span class='ocr_line' id='line_1_21' title="bbox 134 2284 1259 2370; baseline -0.003 -20"><span class='ocrx_word' id='word_1_192' title='bbox 134 2287 262 2350; x_wconf 83' lang='grc' dir='ltr'><em>ἔκτοσθε</em></span> <span class='ocrx_word' id='word_1_193' title='bbox 281 2292 413 2370; x_wconf 84' lang='grc' dir='ltr'><em>φυγοῦσα</em></span> <span class='ocrx_word' id='word_1_194' title='bbox 433 2292 621 2351; x_wconf 82' lang='lat' dir='ltr'><strong>desiderabat</strong></span> <span class='ocrx_word' id='word_1_195' title='bbox 641 2290 772 2351; x_wconf 81' lang='lat' dir='ltr'><strong>Graefius</strong></span> <span class='ocrx_word' id='word_1_196' title='bbox 792 2309 820 2365; x_wconf 89' lang='lat' dir='ltr'><strong>p.</strong></span> <span class='ocrx_word' id='word_1_197' title='bbox 841 2297 905 2352; x_wconf 81' lang='lat'><strong>258.</strong></span> <span class='ocrx_word' id='word_1_198' title='bbox 930 2286 1059 2348; x_wconf 78' lang='grc' dir='ltr'><em>ἐκτύσύε</em></span> <span class='ocrx_word' id='word_1_199' title='bbox 1079 2291 1125 2364; x_wconf 92' lang='grc' dir='ltr'><strong>Μ,</strong></span> <span class='ocrx_word' id='word_1_200' title='bbox 1151 2284 1259 2347; x_wconf 65' lang='lat' dir='ltr'><strong>excede</strong></span> 
     </span>
    </p>
   </div>
   <div class='ocr_carea' id='block_1_3' title="bbox 132 2381 1258 2536">
    <p class='ocr_par' dir='ltr' id='par_1_3' title="bbox 132 2381 1258 2536">
     <span class='ocr_line' id='line_1_22' title="bbox 132 2381 1258 2536; baseline -0.004 -55"><span class='ocrx_word' id='word_1_201' title='bbox 132 2422 161 2481; x_wconf 85' lang='lat' dir='ltr'>N</span> <span class='ocrx_word' id='word_1_202' title='bbox 165 2421 271 2494; x_wconf 81' lang='lat' dir='ltr'><strong>Psw3</strong></span> <span class='ocrx_word' id='word_1_203' title='bbox 297 2419 443 2498; x_wconf 81' lang='grc' dir='ltr'><em>φυγοῦσαν</em></span> <span class='ocrx_word' id='word_1_204' title='bbox 463 2421 503 2495; x_wconf 89' lang='lat' dir='ltr'><strong>V,</strong></span> <span class='ocrx_word' id='word_1_205' title='bbox 529 2383 677 2498; x_wconf 64' lang='lat' dir='ltr'><strong>cnyobedb</strong></span> <span class='ocrx_word' id='word_1_206' title='bbox 698 2420 731 2491; x_wconf 82' lang='lat' dir='ltr'><strong>S,</strong></span> <span class='ocrx_word' id='word_1_207' title='bbox 751 2383 950 2498; x_wconf 57' lang='lat' dir='ltr'><strong>pnpoeodw,</strong></span> <span class='ocrx_word' id='word_1_208' title='bbox 970 2381 1108 2536; x_wconf 57' lang='grc' dir='ltr'><em>φηγοῦσλν</em></span> <span class='ocrx_word' id='word_1_209' title='bbox 1127 2419 1151 2477; x_wconf 94' lang='grc' dir='ltr'>Ρ</span> <span class='ocrx_word' id='word_1_210' title='bbox 1171 2422 1258 2490; x_wconf 87' lang='lat' dir='ltr'><strong>(corr.</strong></span> 
     </span>
    </p>
   </div>
   <div class='ocr_carea' id='block_1_4' title="bbox 128 2543 1259 4125">
    <p class='ocr_par' dir='ltr' id='par_1_4' title="bbox 128 2543 1259 4125">
     <span class='ocr_line' id='line_1_23' title="bbox 131 2543 1257 2621; baseline -0.004 -13"><span class='ocrx_word' id='word_1_211' title='bbox 131 2566 168 2607; x_wconf 86' lang='lat' dir='ltr'><strong>m.</strong></span> <span class='ocrx_word' id='word_1_212' title='bbox 189 2553 268 2620; x_wconf 83' lang='lat' dir='ltr'><strong>sec).</strong></span> <span class='ocrx_word' id='word_1_213' title='bbox 300 2581 331 2591; x_wconf 86' lang='lat'><em>-</em></span> <span class='ocrx_word' id='word_1_214' title='bbox 358 2547 418 2607; x_wconf 82' lang='grc'><strong>375</strong></span> <span class='ocrx_word' id='word_1_215' title='bbox 439 2546 563 2613; x_wconf 84' lang='grc' dir='ltr'><em>κάλλπες</em></span> <span class='ocrx_word' id='word_1_216' title='bbox 582 2548 628 2621; x_wconf 86' lang='grc' dir='ltr'><strong>Μ;</strong></span> <span class='ocrx_word' id='word_1_217' title='bbox 655 2545 821 2606; x_wconf 85' lang='grc' dir='ltr'><em>ύπνωοοσαν</em></span> <span class='ocrx_word' id='word_1_218' title='bbox 842 2547 889 2620; x_wconf 92' lang='grc' dir='ltr'><strong>Μ,</strong></span> <span class='ocrx_word' id='word_1_219' title='bbox 915 2543 1046 2604; x_wconf 87' lang='grc' dir='ltr'><em>ύπνώσαν</em></span> <span class='ocrx_word' id='word_1_220' title='bbox 1068 2547 1092 2619; x_wconf 83' lang='lat' dir='ltr'><strong>Q</strong></span> <span class='ocrx_word' id='word_1_221' title='bbox 1114 2550 1198 2617; x_wconf 84' lang='lat' dir='ltr'><strong>(corr.</strong></span> <span class='ocrx_word' id='word_1_222' title='bbox 1219 2563 1257 2606; x_wconf 90' lang='lat' dir='ltr'><strong>m.</strong></span> 
     </span>
     <span class='ocr_line' id='line_1_24' title="bbox 131 2638 1257 2720; baseline -0.003 -19"><span class='ocrx_word' id='word_1_223' title='bbox 131 2660 174 2716; x_wconf 85' lang='lat' dir='ltr'><strong>pr.</strong></span> <span class='ocrx_word' id='word_1_224' title='bbox 188 2648 222 2701; x_wconf 84' lang='lat' dir='ltr'><strong>ut</strong></span> <span class='ocrx_word' id='word_1_225' title='bbox 234 2641 319 2713; x_wconf 86' lang='lat' dir='ltr'><strong>vid.);</strong></span> <span class='ocrx_word' id='word_1_226' title='bbox 340 2639 410 2719; x_wconf 86' lang='grc' dir='ltr'><em>ὑπερ</em></span> <span class='ocrx_word' id='word_1_227' title='bbox 424 2642 470 2712; x_wconf 91' lang='grc' dir='ltr'><strong>Μ;</strong></span> <span class='ocrx_word' id='word_1_228' title='bbox 487 2639 594 2720; x_wconf 83' lang='grc' dir='ltr'><em>λαχίων</em></span> <span class='ocrx_word' id='word_1_229' title='bbox 608 2643 643 2714; x_wconf 82' lang='grc' dir='ltr'><strong>Α,</strong></span> <span class='ocrx_word' id='word_1_230' title='bbox 658 2638 761 2718; x_wconf 80' lang='grc' dir='ltr'><em>λεχίων</em></span> <span class='ocrx_word' id='word_1_231' title='bbox 777 2656 812 2699; x_wconf 86' lang='lat' dir='ltr'><strong>ex</strong></span> <span class='ocrx_word' id='word_1_232' title='bbox 827 2638 935 2718; x_wconf 84' lang='grc' dir='ltr'><em>λαχύων</em></span> <span class='ocrx_word' id='word_1_233' title='bbox 950 2639 988 2711; x_wconf 68' lang='lat' dir='ltr'><strong>Q?</strong></span> <span class='ocrx_word' id='word_1_234' title='bbox 1009 2639 1165 2716; x_wconf 77' lang='grc' dir='ltr'><em>γενητῆρος</em></span> <span class='ocrx_word' id='word_1_235' title='bbox 1180 2639 1209 2699; x_wconf 83' lang='lat' dir='ltr'><strong>S.</strong></span> <span class='ocrx_word' id='word_1_236' title='bbox 1226 2671 1257 2680; x_wconf 89' lang='lat'>—</span> 
     </span>
     <span class='ocr_line' id='line_1_25' title="bbox 129 2733 1257 2808; baseline -0.002 -14"><span class='ocrx_word' id='word_1_237' title='bbox 129 2735 176 2795; x_wconf 91' lang='lat' dir='ltr'><strong>De</strong></span> <span class='ocrx_word' id='word_1_238' title='bbox 195 2736 250 2795; x_wconf 87' lang='lat' dir='ltr'><strong>hoc</strong></span> <span class='ocrx_word' id='word_1_239' title='bbox 270 2752 357 2795; x_wconf 91' lang='lat' dir='ltr'><strong>versu</strong></span> <span class='ocrx_word' id='word_1_240' title='bbox 377 2736 418 2794; x_wconf 91' lang='lat' dir='ltr'><strong>sic</strong></span> <span class='ocrx_word' id='word_1_241' title='bbox 438 2734 599 2795; x_wconf 84' lang='lat' dir='ltr'><strong>Schneider</strong></span> <span class='ocrx_word' id='word_1_242' title='bbox 619 2753 646 2808; x_wconf 90' lang='lat' dir='ltr'><strong>p.</strong></span> <span class='ocrx_word' id='word_1_243' title='bbox 663 2741 734 2794; x_wconf 81' lang='lat'>416:</span> <span class='ocrx_word' id='word_1_244' title='bbox 763 2733 880 2792; x_wconf 78' lang='lat' dir='ltr'><strong>»Potuit</strong></span> <span class='ocrx_word' id='word_1_245' title='bbox 894 2746 963 2790; x_wconf 89' lang='lat' dir='ltr'><strong>sane</strong></span> <span class='ocrx_word' id='word_1_246' title='bbox 977 2733 1151 2800; x_wconf 85' lang='lat' dir='ltr'><strong>inahsentis</strong></span> <span class='ocrx_word' id='word_1_247' title='bbox 1164 2733 1257 2805; x_wconf 88' lang='lat' dir='ltr'><strong>petris</strong></span> 
     </span>
     <span class='ocr_line' id='line_1_26' title="bbox 130 2825 1258 2901; baseline -0.003 -14"><span class='ocrx_word' id='word_1_248' title='bbox 130 2829 206 2888; x_wconf 91' lang='lat' dir='ltr'><strong>lecto</strong></span> <span class='ocrx_word' id='word_1_249' title='bbox 232 2829 339 2889; x_wconf 88' lang='lat' dir='ltr'><strong>cubare</strong></span> <span class='ocrx_word' id='word_1_250' title='bbox 360 2829 530 2901; x_wconf 86' lang='lat' dir='ltr'><strong>Hermione,</strong></span> <span class='ocrx_word' id='word_1_251' title='bbox 557 2828 610 2886; x_wconf 90' lang='lat' dir='ltr'><strong>sed</strong></span> <span class='ocrx_word' id='word_1_252' title='bbox 634 2828 696 2886; x_wconf 84' lang='lat' dir='ltr'><strong>veri</strong></span> <span class='ocrx_word' id='word_1_253' title='bbox 724 2833 823 2886; x_wconf 86' lang='lat' dir='ltr'><strong>tamen</strong></span> <span class='ocrx_word' id='word_1_254' title='bbox 850 2831 897 2884; x_wconf 89' lang='lat' dir='ltr'><strong>est</strong></span> <span class='ocrx_word' id='word_1_255' title='bbox 922 2825 1044 2884; x_wconf 89' lang='lat' dir='ltr'><strong>similius</strong></span> <span class='ocrx_word' id='word_1_256' title='bbox 1070 2825 1203 2884; x_wconf 87' lang='lat' dir='ltr'><strong>cubuisse</strong></span> <span class='ocrx_word' id='word_1_257' title='bbox 1228 2826 1258 2884; x_wconf 91' lang='lat' dir='ltr'><strong>in</strong></span> 
     </span>
     <span class='ocr_line' id='line_1_27' title="bbox 129 2916 1259 2997; baseline -0.004 -17"><span class='ocrx_word' id='word_1_258' title='bbox 129 2923 231 2982; x_wconf 89' lang='lat' dir='ltr'><strong>matris</strong></span> <span class='ocrx_word' id='word_1_259' title='bbox 251 2924 357 2982; x_wconf 86' lang='lat' dir='ltr'><strong>lectulo</strong></span> <span class='ocrx_word' id='word_1_260' title='bbox 377 2939 434 2982; x_wconf 91' lang='lat' dir='ltr'><strong>nna</strong></span> <span class='ocrx_word' id='word_1_261' title='bbox 454 2939 518 2981; x_wconf 89' lang='lat' dir='ltr'><strong>oum</strong></span> <span class='ocrx_word' id='word_1_262' title='bbox 539 2923 603 2995; x_wconf 86' lang='lat' dir='ltr'><strong>ipso</strong></span> <span class='ocrx_word' id='word_1_263' title='bbox 622 2927 715 2980; x_wconf 87' lang='lat' dir='ltr'><strong>matre</strong></span> <span class='ocrx_word' id='word_1_264' title='bbox 729 2918 777 2996; x_wconf 83' lang='lat' dir='ltr'><strong>(ci.</strong></span> <span class='ocrx_word' id='word_1_265' title='bbox 792 2937 818 2978; x_wconf 84' lang='lat' dir='ltr'><strong>r.</strong></span> <span class='ocrx_word' id='word_1_266' title='bbox 836 2924 904 2992; x_wconf 81' lang='lat'><strong>332)</strong></span> <span class='ocrx_word' id='word_1_267' title='bbox 925 2925 958 2977; x_wconf 86' lang='lat' dir='ltr'><strong>ut</strong></span> <span class='ocrx_word' id='word_1_268' title='bbox 971 2916 1082 2997; x_wconf 82' lang='grc' dir='ltr'><em>λεχέων</em></span> <span class='ocrx_word' id='word_1_269' title='bbox 1097 2916 1259 2996; x_wconf 76' lang='grc' dir='ltr'><em>γενετεζοης</em></span> 
     </span>
     <span class='ocr_line' id='line_1_28' title="bbox 128 3011 1258 3089; baseline -0.003 -14"><span class='ocrx_word' id='word_1_270' title='bbox 128 3016 311 3076; x_wconf 88' lang='lat' dir='ltr'><strong>scribendum</strong></span> <span class='ocrx_word' id='word_1_271' title='bbox 331 3017 424 3074; x_wconf 88' lang='lat' dir='ltr'><strong>videri</strong></span> <span class='ocrx_word' id='word_1_272' title='bbox 443 3017 543 3088; x_wconf 88' lang='lat' dir='ltr'><strong>possit.</strong></span> <span class='ocrx_word' id='word_1_273' title='bbox 576 3021 607 3075; x_wconf 87' lang='lat' dir='ltr'><strong>at</strong></span> <span class='ocrx_word' id='word_1_274' title='bbox 626 3019 724 3089; x_wconf 86' lang='lat' dir='ltr'><strong>potest</strong></span> <span class='ocrx_word' id='word_1_275' title='bbox 744 3015 842 3086; x_wconf 84' lang='lat' dir='ltr'><strong>etiam,</strong></span> <span class='ocrx_word' id='word_1_276' title='bbox 862 3013 893 3072; x_wconf 88' lang='lat' dir='ltr'><strong>id</strong></span> <span class='ocrx_word' id='word_1_277' title='bbox 913 3012 990 3085; x_wconf 87' lang='lat' dir='ltr'><strong>quod</strong></span> <span class='ocrx_word' id='word_1_278' title='bbox 1009 3011 1105 3086; x_wconf 83' lang='lat' dir='ltr'><strong>magis</strong></span> <span class='ocrx_word' id='word_1_279' title='bbox 1120 3013 1207 3074; x_wconf 89' lang='lat' dir='ltr'><strong>credo</strong></span> <span class='ocrx_word' id='word_1_280' title='bbox 1221 3013 1258 3072; x_wconf 90' lang='lat' dir='ltr'><strong>da</strong></span> 
     </span>
     <span class='ocr_line' id='line_1_29' title="bbox 131 3107 1258 3183; baseline -0.003 -14"><span class='ocrx_word' id='word_1_281' title='bbox 131 3111 270 3169; x_wconf 88' lang='lat' dir='ltr'><strong>communi</strong></span> <span class='ocrx_word' id='word_1_282' title='bbox 289 3110 381 3183; x_wconf 90' lang='lat' dir='ltr'><strong>patris</strong></span> <span class='ocrx_word' id='word_1_283' title='bbox 402 3111 561 3182; x_wconf 85' lang='lat' dir='ltr'><strong>matrisque</strong></span> <span class='ocrx_word' id='word_1_284' title='bbox 580 3111 658 3170; x_wconf 89' lang='lat' dir='ltr'><strong>lecto</strong></span> <span class='ocrx_word' id='word_1_285' title='bbox 679 3110 786 3181; x_wconf 78' lang='lat' dir='ltr'><strong>geniali</strong></span> <span class='ocrx_word' id='word_1_286' title='bbox 806 3108 946 3181; x_wconf 81' lang='lat' dir='ltr'><strong>cogitari,</strong></span> <span class='ocrx_word' id='word_1_287' title='bbox 975 3107 1005 3164; x_wconf 93' lang='lat' dir='ltr'><strong>in</strong></span> <span class='ocrx_word' id='word_1_288' title='bbox 1032 3123 1117 3179; x_wconf 92' lang='lat' dir='ltr'><strong>quem</strong></span> <span class='ocrx_word' id='word_1_289' title='bbox 1138 3109 1258 3167; x_wconf 85' lang='lat' dir='ltr'><strong>absente</strong></span> 
     </span>
     <span class='ocr_line' id='line_1_30' title="bbox 129 3202 1258 3277; baseline -0.003 -15"><span class='ocrx_word' id='word_1_290' title='bbox 129 3204 263 3264; x_wconf 85' lang='lat' dir='ltr'><strong>Menelao</strong></span> <span class='ocrx_word' id='word_1_291' title='bbox 290 3203 378 3264; x_wconf 87' lang='lat' dir='ltr'><strong>filiam</strong></span> <span class='ocrx_word' id='word_1_292' title='bbox 402 3205 548 3277; x_wconf 84' lang='lat' dir='ltr'><strong>receperit</strong></span> <span class='ocrx_word' id='word_1_293' title='bbox 574 3204 695 3262; x_wconf 88' lang='lat' dir='ltr'><strong>Helena.</strong></span> <span class='ocrx_word' id='word_1_294' title='bbox 725 3203 802 3275; x_wconf 85' lang='lat' dir='ltr'><strong>quod</strong></span> <span class='ocrx_word' id='word_1_295' title='bbox 830 3204 854 3260; x_wconf 91' lang='lat' dir='ltr'><strong>si</strong></span> <span class='ocrx_word' id='word_1_296' title='bbox 881 3207 941 3272; x_wconf 90' lang='lat' dir='ltr'><strong>est,</strong></span> <span class='ocrx_word' id='word_1_297' title='bbox 971 3203 1174 3274; x_wconf 84' lang='lat' dir='ltr'><strong>corrigendum</strong></span> <span class='ocrx_word' id='word_1_298' title='bbox 1202 3202 1258 3259; x_wconf 90' lang='lat' dir='ltr'><strong>erit</strong></span> 
     </span>
     <span class='ocr_line' id='line_1_31' title="bbox 130 3293 1257 3376; baseline -0.004 -20"><span class='ocrx_word' id='word_1_299' title='bbox 130 3295 200 3375; x_wconf 79' lang='grc' dir='ltr'><em>ὑπὲρ</em></span> <span class='ocrx_word' id='word_1_300' title='bbox 231 3297 336 3376; x_wconf 79' lang='grc' dir='ltr'><em>λέχεος</em></span> <span class='ocrx_word' id='word_1_301' title='bbox 365 3295 532 3375; x_wconf 78' lang='grc' dir='ltr'><em>γενετηρων.</em></span> <span class='ocrx_word' id='word_1_302' title='bbox 567 3313 633 3355; x_wconf 85' lang='lat' dir='ltr'><strong>narn</strong></span> <span class='ocrx_word' id='word_1_303' title='bbox 659 3297 811 3372; x_wconf 72' lang='grc' dir='ltr'><em>γενετῆρος</em></span> <span class='ocrx_word' id='word_1_304' title='bbox 840 3301 977 3369; x_wconf 88' lang='lat' dir='ltr'><strong>parentes</strong></span> <span class='ocrx_word' id='word_1_305' title='bbox 1008 3301 1083 3353; x_wconf 89' lang='lat' dir='ltr'><strong>sunt.</strong></span> <span class='ocrx_word' id='word_1_306' title='bbox 1131 3293 1167 3352; x_wconf 86' lang='lat' dir='ltr'><strong>cf.</strong></span> <span class='ocrx_word' id='word_1_307' title='bbox 1192 3294 1257 3352; x_wconf 90' lang='lat' dir='ltr'><strong>Mu·</strong></span> 
     </span>
     <span class='ocr_line' id='line_1_32' title="bbox 129 3386 1257 3461; baseline -0.004 -12"><span class='ocrx_word' id='word_1_308' title='bbox 129 3407 189 3450; x_wconf 87' lang='lat' dir='ltr'><strong>sae.</strong></span> <span class='ocrx_word' id='word_1_309' title='bbox 204 3397 288 3450; x_wconf 73' lang='lat'>125«.</span> <span class='ocrx_word' id='word_1_310' title='bbox 328 3392 459 3450; x_wconf 80' lang='lat' dir='ltr'><strong>Alteram</strong></span> <span class='ocrx_word' id='word_1_311' title='bbox 480 3391 650 3450; x_wconf 85' lang='lat' dir='ltr'><strong>Schneideri</strong></span> <span class='ocrx_word' id='word_1_312' title='bbox 670 3390 865 3448; x_wconf 87' lang='lat' dir='ltr'><strong>coniecturam</strong></span> <span class='ocrx_word' id='word_1_313' title='bbox 885 3388 1060 3461; x_wconf 85' lang='lat' dir='ltr'><strong>improbavit</strong></span> <span class='ocrx_word' id='word_1_314' title='bbox 1083 3386 1195 3446; x_wconf 86' lang='lat' dir='ltr'><strong>Tiedhe</strong></span> <span class='ocrx_word' id='word_1_315' title='bbox 1215 3387 1257 3457; x_wconf 83' lang='lat' dir='ltr'><strong>(in</strong></span> 
     </span>
     <span class='ocr_line' id='line_1_33' title="bbox 132 3482 1258 3559; baseline -0.003 -17"><span class='ocrx_word' id='word_1_316' title='bbox 132 3483 240 3543; x_wconf 87' lang='lat' dir='ltr'><strong>Herma</strong></span> <span class='ocrx_word' id='word_1_317' title='bbox 250 3485 324 3550; x_wconf 66' lang='lat' dir='ltr'>,x111</span> <span class='ocrx_word' id='word_1_318' title='bbox 344 3503 372 3558; x_wconf 89' lang='lat' dir='ltr'><strong>p.</strong></span> <span class='ocrx_word' id='word_1_319' title='bbox 388 3488 456 3556; x_wconf 74' lang='lat'><strong>2⁷4)</strong></span> <span class='ocrx_word' id='word_1_320' title='bbox 471 3487 539 3557; x_wconf 85' lang='lat' dir='ltr'><strong>quia</strong></span> <span class='ocrx_word' id='word_1_321' title='bbox 554 3491 747 3559; x_wconf 78' lang='lat' dir='ltr'><strong>»anapaestus</strong></span> <span class='ocrx_word' id='word_1_322' title='bbox 761 3484 862 3554; x_wconf 83' lang='grc' dir='ltr'><em>λέχεος</em></span> <span class='ocrx_word' id='word_1_323' title='bbox 880 3485 981 3543; x_wconf 89' lang='lat' dir='ltr'><strong>ultima</strong></span> <span class='ocrx_word' id='word_1_324' title='bbox 995 3482 1108 3556; x_wconf 84' lang='lat' dir='ltr'><strong>syllaba</strong></span> <span class='ocrx_word' id='word_1_325' title='bbox 1122 3487 1258 3555; x_wconf 89' lang='lat' dir='ltr'><strong>correpta</strong></span> 
     </span>
     <span class='ocr_line' id='line_1_34' title="bbox 130 3575 1255 3650; baseline -0.004 -12"><span class='ocrx_word' id='word_1_326' title='bbox 130 3593 164 3638; x_wconf 87' lang='lat' dir='ltr'><strong>eo</strong></span> <span class='ocrx_word' id='word_1_327' title='bbox 189 3579 239 3650; x_wconf 83' lang='lat' dir='ltr'><strong>qui</strong></span> <span class='ocrx_word' id='word_1_328' title='bbox 264 3578 390 3637; x_wconf 84' lang='lat' dir='ltr'><strong>traditur</strong></span> <span class='ocrx_word' id='word_1_329' title='bbox 416 3576 522 3649; x_wconf 81' lang='grc' dir='ltr'><em>λεχέων</em></span> <span class='ocrx_word' id='word_1_330' title='bbox 550 3579 679 3638; x_wconf 89' lang='lat' dir='ltr'><strong>deterior</strong></span> <span class='ocrx_word' id='word_1_331' title='bbox 702 3578 853 3638; x_wconf 88' lang='lat' dir='ltr'><strong>habendus</strong></span> <span class='ocrx_word' id='word_1_332' title='bbox 879 3583 926 3637; x_wconf 87' lang='lat' dir='ltr'><strong>est</strong></span> <span class='ocrx_word' id='word_1_333' title='bbox 952 3582 989 3649; x_wconf 80' lang='lat' dir='ltr'><strong>(v.</strong></span> <span class='ocrx_word' id='word_1_334' title='bbox 1018 3578 1136 3650; x_wconf 78' lang='lat' dir='ltr'><strong>Quaest.</strong></span> <span class='ocrx_word' id='word_1_335' title='bbox 1162 3575 1255 3635; x_wconf 83' lang='lat' dir='ltr'><strong>Nonu.</strong></span> 
     </span>
     <span class='ocr_line' id='line_1_35' title="bbox 129 3666 1256 3745; baseline -0.004 -16"><span class='ocrx_word' id='word_1_336' title='bbox 129 3687 157 3744; x_wconf 88' lang='lat' dir='ltr'><strong>p.</strong></span> <span class='ocrx_word' id='word_1_337' title='bbox 177 3675 308 3744; x_wconf 59' lang='lat' dir='ltr'><strong>desei«.</strong></span> <span class='ocrx_word' id='word_1_338' title='bbox 348 3673 451 3744; x_wconf 86' lang='lat' dir='ltr'><strong>Neque</strong></span> <span class='ocrx_word' id='word_1_339' title='bbox 477 3672 663 3732; x_wconf 86' lang='lat' dir='ltr'><strong>sollicitanda</strong></span> <span class='ocrx_word' id='word_1_340' title='bbox 686 3673 756 3730; x_wconf 91' lang='lat' dir='ltr'><strong>mihi</strong></span> <span class='ocrx_word' id='word_1_341' title='bbox 781 3671 896 3731; x_wconf 84' lang='lat' dir='ltr'><strong>videtur</strong></span> <span class='ocrx_word' id='word_1_342' title='bbox 921 3671 1054 3743; x_wconf 79' lang='lat' dir='ltr'><strong>vulgata,</strong></span> <span class='ocrx_word' id='word_1_343' title='bbox 1080 3685 1144 3728; x_wconf 89' lang='lat' dir='ltr'><strong>cum</strong></span> <span class='ocrx_word' id='word_1_344' title='bbox 1169 3666 1256 3745; x_wconf 84' lang='grc' dir='ltr'><em>λέχεα</em></span> 
     </span>
     <span class='ocr_line' id='line_1_36' title="bbox 131 3762 1255 3844; baseline 0 -22"><span class='ocrx_word' id='word_1_345' title='bbox 131 3766 282 3844; x_wconf 74' lang='grc' dir='ltr'><em>γενετῆρος</em></span> <span class='ocrx_word' id='word_1_346' title='bbox 306 3765 376 3823; x_wconf 87' lang='lat' dir='ltr'><strong>lecti</strong></span> <span class='ocrx_word' id='word_1_347' title='bbox 401 3766 523 3838; x_wconf 77' lang='lat' dir='ltr'><strong>genialis</strong></span> <span class='ocrx_word' id='word_1_348' title='bbox 548 3771 661 3840; x_wconf 86' lang='lat' dir='ltr'><strong>partem</strong></span> <span class='ocrx_word' id='word_1_349' title='bbox 687 3782 772 3837; x_wconf 88' lang='lat' dir='ltr'><strong>quam</strong></span> <span class='ocrx_word' id='word_1_350' title='bbox 798 3765 950 3824; x_wconf 86' lang='lat' dir='ltr'><strong>Menelaus</strong></span> <span class='ocrx_word' id='word_1_351' title='bbox 971 3778 1114 3837; x_wconf 89' lang='lat' dir='ltr'><strong>occupare</strong></span> <span class='ocrx_word' id='word_1_352' title='bbox 1133 3762 1255 3835; x_wconf 79' lang='lat' dir='ltr'><strong>solebat,</strong></span> 
     </span>
     <span class='ocr_line' id='line_1_37' title="bbox 134 3857 1257 3933; baseline 0.001 -17"><span class='ocrx_word' id='word_1_353' title='bbox 134 3857 295 3932; x_wconf 74' lang='lat' dir='ltr'><strong>significare</strong></span> <span class='ocrx_word' id='word_1_354' title='bbox 309 3859 428 3930; x_wconf 88' lang='lat' dir='ltr'><strong>possint.</strong></span> <span class='ocrx_word' id='word_1_355' title='bbox 459 3858 601 3918; x_wconf 84' lang='lat' dir='ltr'><strong>Tournier</strong></span> <span class='ocrx_word' id='word_1_356' title='bbox 614 3865 712 3918; x_wconf 87' lang='lat' dir='ltr'><strong>tamen</strong></span> <span class='ocrx_word' id='word_1_357' title='bbox 732 3877 760 3932; x_wconf 93' lang='lat' dir='ltr'><strong>p.</strong></span> <span class='ocrx_word' id='word_1_358' title='bbox 774 3861 811 3918; x_wconf 84' lang='lat' dir='ltr'><strong>4&#39;l</strong></span> <span class='ocrx_word' id='word_1_359' title='bbox 832 3859 996 3919; x_wconf 84' lang='lat' dir='ltr'><strong>vocativum</strong></span> <span class='ocrx_word' id='word_1_360' title='bbox 1010 3857 1192 3927; x_wconf 83' lang='lat' dir='ltr'><strong>desiderans,</strong></span> <span class='ocrx_word' id='word_1_361' title='bbox 1211 3875 1257 3933; x_wconf 87' lang='grc' dir='ltr'><strong>γε·</strong></span> 
     </span>
     <span class='ocr_line' id='line_1_38' title="bbox 129 3947 1256 4030; baseline 0 -22"><span class='ocrx_word' id='word_1_362' title='bbox 129 3947 242 4028; x_wconf 77' lang='grc' dir='ltr'><em>νέτειρα</em></span> <span class='ocrx_word' id='word_1_363' title='bbox 255 3968 308 4026; x_wconf 91' lang='lat' dir='ltr'><strong>pro</strong></span> <span class='ocrx_word' id='word_1_364' title='bbox 323 3952 476 4030; x_wconf 77' lang='grc' dir='ltr'><em>γενετῆρος</em></span> <span class='ocrx_word' id='word_1_365' title='bbox 496 3954 622 4027; x_wconf 90' lang='lat' dir='ltr'><strong>scripsit,</strong></span> <span class='ocrx_word' id='word_1_366' title='bbox 644 3961 673 4013; x_wconf 90' lang='lat' dir='ltr'><strong>et</strong></span> <span class='ocrx_word' id='word_1_367' title='bbox 693 3969 757 4012; x_wconf 90' lang='lat' dir='ltr'><strong>cum</strong></span> <span class='ocrx_word' id='word_1_368' title='bbox 777 3954 820 4011; x_wconf 90' lang='lat' dir='ltr'><strong>sic</strong></span> <span class='ocrx_word' id='word_1_369' title='bbox 840 3956 952 4011; x_wconf 73' lang='lat' dir='ltr'><strong>mumta</strong></span> <span class='ocrx_word' id='word_1_370' title='bbox 964 3952 1084 4023; x_wconf 80' lang='lat' dir='ltr'><strong>vulgata</strong></span> <span class='ocrx_word' id='word_1_371' title='bbox 1097 3951 1182 4010; x_wconf 88' lang='lat' dir='ltr'><strong>nimis</strong></span> <span class='ocrx_word' id='word_1_372' title='bbox 1195 3951 1256 4008; x_wconf 89' lang='lat' dir='ltr'><strong>lan·</strong></span> 
     </span>
     <span class='ocr_line' id='line_1_39' title="bbox 130 4041 1256 4125; baseline -0.003 -22"><span class='ocrx_word' id='word_1_373' title='bbox 130 4045 246 4118; x_wconf 78' lang='lat' dir='ltr'><strong>gnidum</strong></span> <span class='ocrx_word' id='word_1_374' title='bbox 270 4044 347 4104; x_wconf 82' lang='lat' dir='ltr'><strong>foret</strong></span> <span class='ocrx_word' id='word_1_375' title='bbox 365 4041 533 4103; x_wconf 74' lang='grc' dir='ltr'><em>ὑπνώουσαν</em></span> <span class='ocrx_word' id='word_1_376' title='bbox 552 4043 623 4124; x_wconf 80' lang='grc' dir='ltr'><em>ὑπὲρ</em></span> <span class='ocrx_word' id='word_1_377' title='bbox 649 4043 774 4125; x_wconf 81' lang='grc' dir='ltr'><em>λεχέων,</em></span> <span class='ocrx_word' id='word_1_378' title='bbox 799 4047 922 4120; x_wconf 88' lang='lat' dir='ltr'><strong>primum</strong></span> <span class='ocrx_word' id='word_1_379' title='bbox 947 4043 1126 4124; x_wconf 81' lang='grc' dir='ltr'><em>ἀπηλεγέως,</em></span> <span class='ocrx_word' id='word_1_380' title='bbox 1152 4047 1256 4117; x_wconf 83' lang='lat' dir='ltr'><strong>postea</strong></span> 
     </span>
    </p>
   </div>
   <div class='ocr_carea' id='block_1_5' title="bbox 0 0 1544 4654">
    <p class='ocr_par' dir='ltr' id='par_1_5' title="bbox 0 0 1544 4654">
     <span class='ocr_line' id='line_1_40' title="bbox 0 0 1544 4654; baseline 0 1"><span class='ocrx_word' id='word_1_381' title='bbox 0 0 1544 4654; x_wconf 95' lang='lat' dir='ltr'><strong> </strong></span> 
     </span>
    </p>
   </div>
  </div>
 </body>
</html>
