<?xml version="1.0" encoding="UTF-8"?>
<!DOCTYPE html PUBLIC "-//W3C//DTD XHTML 1.0 Transitional//EN"
    "http://www.w3.org/TR/xhtml1/DTD/xhtml1-transitional.dtd">
<html xmlns="http://www.w3.org/1999/xhtml" xml:lang="en" lang="en">
 <head>
  <title>
</title>
<meta http-equiv="Content-Type" content="text/html;charset=utf-8" />
  <meta name='ocr-system' content='tesseract 3.04.00' />
  <meta name='ocr-capabilities' content='ocr_page ocr_carea ocr_par ocr_line ocrx_word'/>
</head>
<body>
  <div class='ocr_page' id='page_1' title='image "./colluthilycopol00collgoog_0043.png"; bbox 0 0 3092 4662; ppageno 0'>
   <div class='ocr_carea' id='block_1_1' title="bbox 613 330 822 392">
    <p class='ocr_par' dir='ltr' id='par_1_1' title="bbox 613 330 822 392">
     <span class='ocr_line' id='line_1_1' title="bbox 613 330 822 392; baseline -0.01 -16"><span class='ocrx_word' id='word_1_1' title='bbox 613 330 822 392; x_wconf 69' lang='lat'><strong>..39„.</strong></span> 
     </span>
    </p>
   </div>
   <div class='ocr_carea' id='block_1_2' title="bbox 154 478 1282 1619">
    <p class='ocr_par' dir='ltr' id='par_1_2' title="bbox 154 478 1282 1619">
     <span class='ocr_line' id='line_1_2' title="bbox 155 478 1281 589; baseline 0 -15"><span class='ocrx_word' id='word_1_2' title='bbox 155 518 257 588; x_wconf 80' lang='lat' dir='ltr'>Acu‚</span> <span class='ocrx_word' id='word_1_3' title='bbox 279 480 373 574; x_wconf 66' lang='lat' dir='ltr'>ema?</span> <span class='ocrx_word' id='word_1_4' title='bbox 379 518 415 588; x_wconf 84' lang='lat' dir='ltr'>P,</span> <span class='ocrx_word' id='word_1_5' title='bbox 436 513 521 574; x_wconf 65' lang='lat' dir='ltr'>econ</span> <span class='ocrx_word' id='word_1_6' title='bbox 542 517 638 588; x_wconf 82' lang='lat' dir='ltr'>nso,</span> <span class='ocrx_word' id='word_1_7' title='bbox 665 478 831 589; x_wconf 71' lang='grc' dir='ltr'><em>ἔᾶσὲἐιι,</em></span> <span class='ocrx_word' id='word_1_8' title='bbox 856 511 998 587; x_wconf 69' lang='grc' dir='ltr'>ἔασον,</span> <span class='ocrx_word' id='word_1_9' title='bbox 1023 510 1109 570; x_wconf 67' lang='lat' dir='ltr'>erem</span> <span class='ocrx_word' id='word_1_10' title='bbox 1130 513 1281 586; x_wconf 74' lang='lat' dir='ltr'>cursu]</span> 
     </span>
     <span class='ocr_line' id='line_1_3' title="bbox 157 603 1282 686; baseline -0.004 -18"><span class='ocrx_word' id='word_1_11' title='bbox 157 610 221 668; x_wconf 86' lang='lat' dir='ltr'>edd.</span> <span class='ocrx_word' id='word_1_12' title='bbox 236 616 304 667; x_wconf 80' lang='lat' dir='ltr'>ante</span> <span class='ocrx_word' id='word_1_13' title='bbox 314 610 440 668; x_wconf 85' lang='lat' dir='ltr'>Bekker.</span> <span class='ocrx_word' id='word_1_14' title='bbox 456 641 492 650; x_wconf 92' lang='lat'><em>-</em></span> <span class='ocrx_word' id='word_1_15' title='bbox 506 607 550 667; x_wconf 93' lang='grc'>40</span> <span class='ocrx_word' id='word_1_16' title='bbox 563 609 671 686; x_wconf 75' lang='grc' dir='ltr'><em>χειρῶν</em></span> <span class='ocrx_word' id='word_1_17' title='bbox 686 606 798 683; x_wconf 73' lang='grc' dir='ltr'><em>αλέγιζε</em></span> <span class='ocrx_word' id='word_1_18' title='bbox 808 609 855 681; x_wconf 87' lang='grc' dir='ltr'>Μ;</span> <span class='ocrx_word' id='word_1_19' title='bbox 874 605 1015 682; x_wconf 81' lang='grc' dir='ltr'><em>εμπάζετο</em></span> <span class='ocrx_word' id='word_1_20' title='bbox 1026 608 1059 664; x_wconf 90' lang='grc' dir='ltr'><strong>Μ</strong></span> <span class='ocrx_word' id='word_1_21' title='bbox 1075 615 1104 677; x_wconf 92' lang='grc'>1;</span> <span class='ocrx_word' id='word_1_22' title='bbox 1121 640 1131 646; x_wconf 93' lang='grc'>-·</span> <span class='ocrx_word' id='word_1_23' title='bbox 1142 639 1154 646; x_wconf 87' lang='grc'>··</span> <span class='ocrx_word' id='word_1_24' title='bbox 1170 605 1209 664; x_wconf 87' lang='lat'>41</span> <span class='ocrx_word' id='word_1_25' title='bbox 1223 603 1282 684; x_wconf 67' lang='grc' dir='ltr'>ᾖδ’</span> 
     </span>
     <span class='ocr_line' id='line_1_4' title="bbox 156 695 1282 779; baseline -0.002 -21"><span class='ocrx_word' id='word_1_26' title='bbox 156 724 210 775; x_wconf 61' lang='lat' dir='ltr'>po,</span> <span class='ocrx_word' id='word_1_27' title='bbox 232 697 278 779; x_wconf 79' lang='grc' dir='ltr'>ἧδ’</span> <span class='ocrx_word' id='word_1_28' title='bbox 294 709 325 760; x_wconf 93' lang='lat' dir='ltr'>ut</span> <span class='ocrx_word' id='word_1_29' title='bbox 338 702 453 760; x_wconf 82' lang='lat' dir='ltr'>videtur</span> <span class='ocrx_word' id='word_1_30' title='bbox 466 703 498 759; x_wconf 88' lang='lat' dir='ltr'>M</span> <span class='ocrx_word' id='word_1_31' title='bbox 513 710 530 760; x_wconf 84' lang='lat'>2</span> <span class='ocrx_word' id='word_1_32' title='bbox 546 719 581 760; x_wconf 87' lang='lat' dir='ltr'>ex</span> <span class='ocrx_word' id='word_1_33' title='bbox 593 699 650 778; x_wconf 76' lang='grc' dir='ltr'>ηδ’,</span> <span class='ocrx_word' id='word_1_34' title='bbox 670 699 717 779; x_wconf 78' lang='grc' dir='ltr'>ἧδ’</span> <span class='ocrx_word' id='word_1_35' title='bbox 733 703 769 772; x_wconf 91' lang='grc' dir='ltr'>Ρ,</span> <span class='ocrx_word' id='word_1_36' title='bbox 790 700 836 778; x_wconf 76' lang='grc' dir='ltr'>ηδ’</span> <span class='ocrx_word' id='word_1_37' title='bbox 853 703 913 760; x_wconf 90' lang='lat' dir='ltr'>rell.</span> <span class='ocrx_word' id='word_1_38' title='bbox 929 701 1012 760; x_wconf 83' lang='lat' dir='ltr'>codd.</span> <span class='ocrx_word' id='word_1_39' title='bbox 1026 706 1057 758; x_wconf 92' lang='lat' dir='ltr'>et</span> <span class='ocrx_word' id='word_1_40' title='bbox 1076 699 1156 770; x_wconf 89' lang='lat' dir='ltr'>edd.;</span> <span class='ocrx_word' id='word_1_41' title='bbox 1174 695 1282 777; x_wconf 70' lang='grc' dir='ltr'><em>βησσή-</em></span> 
     </span>
     <span class='ocr_line' id='line_1_5' title="bbox 156 792 1280 872; baseline -0.001 -21"><span class='ocrx_word' id='word_1_42' title='bbox 156 815 238 860; x_wconf 85' lang='grc' dir='ltr'><em>εντος</em></span> <span class='ocrx_word' id='word_1_43' title='bbox 264 796 295 853; x_wconf 93' lang='grc' dir='ltr'><strong>Μ</strong></span> <span class='ocrx_word' id='word_1_44' title='bbox 319 805 342 854; x_wconf 89' lang='grc'>1.</span> <span class='ocrx_word' id='word_1_45' title='bbox 369 794 431 872; x_wconf 90' lang='grc' dir='ltr'><em>ποιη’</em></span> <span class='ocrx_word' id='word_1_46' title='bbox 459 796 664 868; x_wconf 82' lang='lat' dir='ltr'>suprascripsit</span> <span class='ocrx_word' id='word_1_47' title='bbox 687 796 720 852; x_wconf 90' lang='lat' dir='ltr'>M</span> <span class='ocrx_word' id='word_1_48' title='bbox 741 803 766 852; x_wconf 94' lang='grc'><strong>2.</strong></span> <span class='ocrx_word' id='word_1_49' title='bbox 792 793 938 872; x_wconf 72' lang='grc' dir='ltr'><em>ποιήεντος</em></span> <span class='ocrx_word' id='word_1_50' title='bbox 962 796 1024 852; x_wconf 86' lang='lat' dir='ltr'>rell.</span> <span class='ocrx_word' id='word_1_51' title='bbox 1052 792 1134 854; x_wconf 86' lang='lat' dir='ltr'>codd.</span> <span class='ocrx_word' id='word_1_52' title='bbox 1161 798 1191 851; x_wconf 84' lang='lat' dir='ltr'>et</span> <span class='ocrx_word' id='word_1_53' title='bbox 1215 793 1280 851; x_wconf 83' lang='lat' dir='ltr'>edd.</span> 
     </span>
     <span class='ocr_line' id='line_1_6' title="bbox 155 886 1281 964; baseline -0.003 -18"><span class='ocrx_word' id='word_1_54' title='bbox 155 897 272 962; x_wconf 84' lang='lat' dir='ltr'>praeter</span> <span class='ocrx_word' id='word_1_55' title='bbox 290 889 417 947; x_wconf 87' lang='lat' dir='ltr'>Bekker.</span> <span class='ocrx_word' id='word_1_56' title='bbox 439 898 468 947; x_wconf 92' lang='lat' dir='ltr'>et</span> <span class='ocrx_word' id='word_1_57' title='bbox 488 889 600 960; x_wconf 81' lang='lat' dir='ltr'>Lehrs,</span> <span class='ocrx_word' id='word_1_58' title='bbox 621 890 670 960; x_wconf 88' lang='lat' dir='ltr'>qui</span> <span class='ocrx_word' id='word_1_59' title='bbox 686 886 866 964; x_wconf 66' lang='grc' dir='ltr'><em>βησσήεντος</em></span> <span class='ocrx_word' id='word_1_60' title='bbox 884 890 1038 962; x_wconf 80' lang='lat' dir='ltr'>probatum</span> <span class='ocrx_word' id='word_1_61' title='bbox 1061 889 1148 946; x_wconf 84' lang='lat' dir='ltr'>etiarn</span> <span class='ocrx_word' id='word_1_62' title='bbox 1169 887 1281 945; x_wconf 83' lang='lat' dir='ltr'>censori</span> 
     </span>
     <span class='ocr_line' id='line_1_7' title="bbox 156 981 1281 1056; baseline -0.002 -14"><span class='ocrx_word' id='word_1_63' title='bbox 156 983 349 1053; x_wconf 79' lang='lat' dir='ltr'>Gottingensi,</span> <span class='ocrx_word' id='word_1_64' title='bbox 368 982 443 1053; x_wconf 90' lang='lat' dir='ltr'>quod</span> <span class='ocrx_word' id='word_1_65' title='bbox 457 981 550 1039; x_wconf 90' lang='lat' dir='ltr'>Lehrs</span> <span class='ocrx_word' id='word_1_66' title='bbox 565 990 661 1039; x_wconf 83' lang='lat' dir='ltr'>temen</span> <span class='ocrx_word' id='word_1_67' title='bbox 682 999 735 1055; x_wconf 92' lang='lat' dir='ltr'>per</span> <span class='ocrx_word' id='word_1_68' title='bbox 754 983 876 1041; x_wconf 89' lang='lat' dir='ltr'>herbido</span> <span class='ocrx_word' id='word_1_69' title='bbox 898 984 994 1055; x_wconf 89' lang='lat' dir='ltr'>vertit,</span> <span class='ocrx_word' id='word_1_70' title='bbox 1016 999 1051 1040; x_wconf 84' lang='lat' dir='ltr'>ex</span> <span class='ocrx_word' id='word_1_71' title='bbox 1071 983 1102 1040; x_wconf 94' lang='lat' dir='ltr'>M</span> <span class='ocrx_word' id='word_1_72' title='bbox 1120 991 1143 1042; x_wconf 93' lang='lat' dir='ltr'>l.</span> <span class='ocrx_word' id='word_1_73' title='bbox 1164 997 1281 1056; x_wconf 87' lang='lat' dir='ltr'>recepe·</span> 
     </span>
     <span class='ocr_line' id='line_1_8' title="bbox 154 1073 1280 1152; baseline -0.002 -19"><span class='ocrx_word' id='word_1_74' title='bbox 154 1083 229 1134; x_wconf 88' lang='lat' dir='ltr'>runt.</span> <span class='ocrx_word' id='word_1_75' title='bbox 276 1076 353 1133; x_wconf 84' lang='lat' dir='ltr'><strong>Idem</strong></span> <span class='ocrx_word' id='word_1_76' title='bbox 381 1092 434 1147; x_wconf 80' lang='lat' dir='ltr'>ego</span> <span class='ocrx_word' id='word_1_77' title='bbox 454 1076 576 1147; x_wconf 90' lang='lat' dir='ltr'>retinui,</span> <span class='ocrx_word' id='word_1_78' title='bbox 602 1077 671 1134; x_wconf 90' lang='lat' dir='ltr'>licet</span> <span class='ocrx_word' id='word_1_79' title='bbox 691 1073 794 1151; x_wconf 80' lang='grc' dir='ltr'><em>νομοὺς</em></span> <span class='ocrx_word' id='word_1_80' title='bbox 816 1074 891 1132; x_wconf 83' lang='grc' dir='ltr'><em>κατὰ</em></span> <span class='ocrx_word' id='word_1_81' title='bbox 910 1073 1058 1152; x_wconf 81' lang='grc' dir='ltr'><em>ποιήεντας</em></span> <span class='ocrx_word' id='word_1_82' title='bbox 1078 1077 1107 1133; x_wconf 92' lang='lat' dir='ltr'>in</span> <span class='ocrx_word' id='word_1_83' title='bbox 1127 1075 1231 1148; x_wconf 86' lang='lat' dir='ltr'>hymno</span> <span class='ocrx_word' id='word_1_84' title='bbox 1252 1075 1280 1131; x_wconf 91' lang='lat' dir='ltr'>in</span> 
     </span>
     <span class='ocr_line' id='line_1_9' title="bbox 157 1165 1281 1248; baseline -0.001 -23"><span class='ocrx_word' id='word_1_85' title='bbox 157 1169 297 1227; x_wconf 86' lang='lat' dir='ltr'>Venerem</span> <span class='ocrx_word' id='word_1_86' title='bbox 312 1186 336 1226; x_wconf 87' lang='lat' dir='ltr'>v.</span> <span class='ocrx_word' id='word_1_87' title='bbox 353 1171 389 1227; x_wconf 75' lang='lat'>78</span> <span class='ocrx_word' id='word_1_88' title='bbox 407 1175 436 1227; x_wconf 90' lang='lat' dir='ltr'>et</span> <span class='ocrx_word' id='word_1_89' title='bbox 456 1170 560 1227; x_wconf 80' lang='lat' dir='ltr'>similia</span> <span class='ocrx_word' id='word_1_90' title='bbox 580 1170 648 1228; x_wconf 84' lang='lat' dir='ltr'>alibi</span> <span class='ocrx_word' id='word_1_91' title='bbox 670 1171 812 1242; x_wconf 83' lang='lat' dir='ltr'>legantur.</span> <span class='ocrx_word' id='word_1_92' title='bbox 830 1203 862 1211; x_wconf 93' lang='lat'>—-</span> <span class='ocrx_word' id='word_1_93' title='bbox 887 1166 942 1230; x_wconf 86' lang='grc' dir='ltr'>ἄπο</span> <span class='ocrx_word' id='word_1_94' title='bbox 957 1167 1138 1248; x_wconf 78' lang='grc' dir='ltr'><em>πλόγγόεῖσα</em></span> <span class='ocrx_word' id='word_1_95' title='bbox 1151 1169 1190 1238; x_wconf 87' lang='grc' dir='ltr'>Μ,</span> <span class='ocrx_word' id='word_1_96' title='bbox 1214 1165 1281 1224; x_wconf 79' lang='grc' dir='ltr'><em>ἀπο-</em></span> 
     </span>
     <span class='ocr_line' id='line_1_10' title="bbox 154 1258 1281 1341; baseline 0 -23"><span class='ocrx_word' id='word_1_97' title='bbox 154 1260 319 1339; x_wconf 79' lang='grc' dir='ltr'><em>πλαγθεῖσα</em></span> <span class='ocrx_word' id='word_1_98' title='bbox 339 1261 370 1334; x_wconf 81' lang='grc' dir='ltr'>Ο,</span> <span class='ocrx_word' id='word_1_99' title='bbox 391 1260 608 1339; x_wconf 74' lang='grc' dir='ltr'><em>ἀποπλαχόεΐσε</em></span> <span class='ocrx_word' id='word_1_100' title='bbox 630 1264 662 1334; x_wconf 84' lang='lat' dir='ltr'>L,</span> <span class='ocrx_word' id='word_1_101' title='bbox 682 1261 939 1341; x_wconf 68' lang='grc' dir='ltr'><em>ἀποπλαγχθεῖσα</em></span> <span class='ocrx_word' id='word_1_102' title='bbox 959 1262 999 1333; x_wconf 82' lang='lat' dir='ltr'>G3</span> <span class='ocrx_word' id='word_1_103' title='bbox 1023 1295 1053 1304; x_wconf 82' lang='lat'>——</span> <span class='ocrx_word' id='word_1_104' title='bbox 1076 1260 1120 1321; x_wconf 80' lang='lat'>42</span> <span class='ocrx_word' id='word_1_105' title='bbox 1141 1258 1281 1338; x_wconf 82' lang='grc' dir='ltr'><em>ἐριμοιίνη·</em></span> 
     </span>
     <span class='ocr_line' id='line_1_11' title="bbox 155 1351 1281 1434; baseline 0 -23"><span class='ocrx_word' id='word_1_106' title='bbox 155 1375 198 1412; x_wconf 91' lang='grc' dir='ltr'><em>σιν</em></span> <span class='ocrx_word' id='word_1_107' title='bbox 220 1355 259 1427; x_wconf 89' lang='lat' dir='ltr'>G;</span> <span class='ocrx_word' id='word_1_108' title='bbox 280 1351 311 1412; x_wconf 81' lang='grc' dir='ltr'>ἐν</span> <span class='ocrx_word' id='word_1_109' title='bbox 324 1356 366 1428; x_wconf 93' lang='grc' dir='ltr'>Μ,</span> <span class='ocrx_word' id='word_1_110' title='bbox 387 1353 428 1413; x_wconf 82' lang='grc' dir='ltr'><em>ἐνι</em></span> <span class='ocrx_word' id='word_1_111' title='bbox 449 1356 520 1428; x_wconf 79' lang='lat' dir='ltr'>0Q3</span> <span class='ocrx_word' id='word_1_112' title='bbox 541 1355 700 1434; x_wconf 81' lang='grc' dir='ltr'><em>ξυλόχοισιν</em></span> <span class='ocrx_word' id='word_1_113' title='bbox 722 1375 757 1415; x_wconf 87' lang='lat' dir='ltr'>ex</span> <span class='ocrx_word' id='word_1_114' title='bbox 778 1355 940 1434; x_wconf 82' lang='grc' dir='ltr'><em>ξολοχοΐσιν</em></span> <span class='ocrx_word' id='word_1_115' title='bbox 959 1357 991 1414; x_wconf 91' lang='grc' dir='ltr'><strong>Μ</strong></span> <span class='ocrx_word' id='word_1_116' title='bbox 1006 1364 1041 1425; x_wconf 88' lang='grc'><strong>2.,</strong></span> <span class='ocrx_word' id='word_1_117' title='bbox 1063 1353 1225 1433; x_wconf 75' lang='grc' dir='ltr'><em>ξηλόγοισιν</em></span> <span class='ocrx_word' id='word_1_118' title='bbox 1246 1353 1281 1426; x_wconf 89' lang='lat' dir='ltr'>L,</span> 
     </span>
     <span class='ocr_line' id='line_1_12' title="bbox 155 1441 1279 1526; baseline -0.002 -22"><span class='ocrx_word' id='word_1_119' title='bbox 155 1446 301 1526; x_wconf 84' lang='grc' dir='ltr'><em>ξολόχοισι</em></span> <span class='ocrx_word' id='word_1_120' title='bbox 314 1449 351 1520; x_wconf 81' lang='grc' dir='ltr'>Ο;</span> <span class='ocrx_word' id='word_1_121' title='bbox 366 1481 396 1490; x_wconf 89' lang='lat'>-</span> <span class='ocrx_word' id='word_1_122' title='bbox 413 1447 526 1506; x_wconf 81' lang='grc' dir='ltr'><em>ἀλᾶιται</em></span> <span class='ocrx_word' id='word_1_123' title='bbox 538 1466 573 1508; x_wconf 82' lang='lat' dir='ltr'>ex</span> <span class='ocrx_word' id='word_1_124' title='bbox 584 1449 687 1506; x_wconf 80' lang='grc' dir='ltr'><strong><em>ἀλᾶται</em></strong></span> <span class='ocrx_word' id='word_1_125' title='bbox 696 1451 728 1507; x_wconf 91' lang='grc' dir='ltr'><strong>Μ</strong></span> <span class='ocrx_word' id='word_1_126' title='bbox 740 1458 776 1522; x_wconf 89' lang='grc'><strong>2.,</strong></span> <span class='ocrx_word' id='word_1_127' title='bbox 790 1448 893 1506; x_wconf 82' lang='grc' dir='ltr'><em>ἀλᾶται</em></span> <span class='ocrx_word' id='word_1_128' title='bbox 903 1450 964 1516; x_wconf 83' lang='lat' dir='ltr'>Po,</span> <span class='ocrx_word' id='word_1_129' title='bbox 979 1448 1080 1505; x_wconf 81' lang='grc' dir='ltr'><em>ἀλάται</em></span> <span class='ocrx_word' id='word_1_130' title='bbox 1090 1451 1120 1520; x_wconf 76' lang='grc' dir='ltr'><em>λς</em></span> <span class='ocrx_word' id='word_1_131' title='bbox 1131 1479 1168 1490; x_wconf 93' lang='lat'><em>-</em></span> <span class='ocrx_word' id='word_1_132' title='bbox 1182 1445 1224 1506; x_wconf 81' lang='lat'>4³</span> <span class='ocrx_word' id='word_1_133' title='bbox 1238 1441 1279 1504; x_wconf 82' lang='grc' dir='ltr'>ἐλ.</span> 
     </span>
     <span class='ocr_line' id='line_1_13' title="bbox 155 1537 1280 1619; baseline -0.001 -20"><span class='ocrx_word' id='word_1_134' title='bbox 155 1558 191 1599; x_wconf 84' lang='lat' dir='ltr'>ex</span> <span class='ocrx_word' id='word_1_135' title='bbox 204 1540 243 1598; x_wconf 86' lang='grc' dir='ltr'>ελ.</span> <span class='ocrx_word' id='word_1_136' title='bbox 259 1541 291 1598; x_wconf 91' lang='grc' dir='ltr'><strong>Μ</strong></span> <span class='ocrx_word' id='word_1_137' title='bbox 307 1549 342 1613; x_wconf 93' lang='grc'><strong>2.,</strong></span> <span class='ocrx_word' id='word_1_138' title='bbox 362 1537 479 1619; x_wconf 76' lang='grc' dir='ltr'><em>ἐλατῆρι</em></span> <span class='ocrx_word' id='word_1_139' title='bbox 494 1543 560 1614; x_wconf 84' lang='lat' dir='ltr'>cP;</span> <span class='ocrx_word' id='word_1_140' title='bbox 579 1575 613 1584; x_wconf 92' lang='lat'>-</span> <span class='ocrx_word' id='word_1_141' title='bbox 635 1541 677 1600; x_wconf 93' lang='lat'>44</span> <span class='ocrx_word' id='word_1_142' title='bbox 689 1541 874 1619; x_wconf 73' lang='grc' dir='ltr'><em>βαροζηλοισι</em></span> <span class='ocrx_word' id='word_1_143' title='bbox 890 1543 925 1614; x_wconf 73' lang='lat' dir='ltr'>G,</span> <span class='ocrx_word' id='word_1_144' title='bbox 940 1575 977 1585; x_wconf 93' lang='lat'><em>-</em></span> <span class='ocrx_word' id='word_1_145' title='bbox 996 1540 1036 1600; x_wconf 82' lang='lat'>46</span> <span class='ocrx_word' id='word_1_146' title='bbox 1058 1539 1159 1606; x_wconf 85' lang='grc' dir='ltr'><em>ὃαίτας</em></span> <span class='ocrx_word' id='word_1_147' title='bbox 1176 1540 1280 1612; x_wconf 76' lang='lat' dir='ltr'>LNQ3</span> 
     </span>
    </p>
   </div>
   <div class='ocr_carea' id='block_1_3' title="bbox 144 1650 1280 4090">
    <p class='ocr_par' dir='ltr' id='par_1_3' title="bbox 144 1650 1280 4090">
     <span class='ocr_line' id='line_1_14' title="bbox 154 1650 1279 1763; baseline 0.003 -23"><span class='ocrx_word' id='word_1_148' title='bbox 154 1683 248 1760; x_wconf 85' lang='grc' dir='ltr'><em>όρόνοι</em></span> <span class='ocrx_word' id='word_1_149' title='bbox 259 1686 300 1758; x_wconf 88' lang='grc' dir='ltr'>Μ,</span> <span class='ocrx_word' id='word_1_150' title='bbox 315 1650 403 1763; x_wconf 64' lang='grc' dir='ltr'><em>όρίνεθί</em></span> <span class='ocrx_word' id='word_1_151' title='bbox 416 1688 487 1756; x_wconf 88' lang='lat' dir='ltr'>NR,</span> <span class='ocrx_word' id='word_1_152' title='bbox 502 1684 603 1762; x_wconf 88' lang='grc' dir='ltr'><em>όρίνειν</em></span> <span class='ocrx_word' id='word_1_153' title='bbox 614 1688 653 1759; x_wconf 71' lang='lat' dir='ltr'>Q,</span> <span class='ocrx_word' id='word_1_154' title='bbox 667 1719 705 1728; x_wconf 89' lang='lat'><em>-</em></span> <span class='ocrx_word' id='word_1_155' title='bbox 725 1685 767 1744; x_wconf 87' lang='grc'>46</span> <span class='ocrx_word' id='word_1_156' title='bbox 782 1684 919 1750; x_wconf 85' lang='grc' dir='ltr'><em>πολλάκις</em></span> <span class='ocrx_word' id='word_1_157' title='bbox 933 1685 961 1742; x_wconf 83' lang='grc' dir='ltr'>δ’</span> <span class='ocrx_word' id='word_1_158' title='bbox 978 1685 1016 1757; x_wconf 80' lang='lat' dir='ltr'>Q3</span> <span class='ocrx_word' id='word_1_159' title='bbox 1036 1681 1165 1750; x_wconf 81' lang='grc' dir='ltr'><em>εὐλάϊνος</em></span> <span class='ocrx_word' id='word_1_160' title='bbox 1180 1683 1279 1755; x_wconf 78' lang='lat' dir='ltr'>OLQ3</span> 
     </span>
     <span class='ocr_line' id='line_1_15' title="bbox 154 1777 1279 1854; baseline 0.001 -20"><span class='ocrx_word' id='word_1_161' title='bbox 154 1777 368 1854; x_wconf 78' lang='grc' dir='ltr'><em>ἀποκλεισγιοῖσι</em></span> <span class='ocrx_word' id='word_1_162' title='bbox 381 1780 422 1851; x_wconf 95' lang='grc' dir='ltr'>Μ,</span> <span class='ocrx_word' id='word_1_163' title='bbox 443 1779 543 1836; x_wconf 83' lang='grc' dir='ltr'><em>ἀποκλ.</em></span> <span class='ocrx_word' id='word_1_164' title='bbox 559 1781 707 1853; x_wconf 78' lang='lat' dir='ltr'>NPQW3</span> <span class='ocrx_word' id='word_1_165' title='bbox 735 1814 766 1821; x_wconf 93' lang='lat'>-—</span> <span class='ocrx_word' id='word_1_166' title='bbox 795 1779 835 1838; x_wconf 82' lang='grc'>47</span> <span class='ocrx_word' id='word_1_167' title='bbox 856 1799 955 1849; x_wconf 89' lang='grc' dir='ltr'><em>ιστατο</em></span> <span class='ocrx_word' id='word_1_168' title='bbox 975 1781 1022 1849; x_wconf 89' lang='grc' dir='ltr'>Μ;</span> <span class='ocrx_word' id='word_1_169' title='bbox 1048 1777 1279 1853; x_wconf 88' lang='grc' dir='ltr'><em>παλινορσοςΜ;</em></span> 
     </span>
     <span class='ocr_line' id='line_1_16' title="bbox 154 1868 1279 1952; baseline 0.002 -26"><span class='ocrx_word' id='word_1_170' title='bbox 154 1870 276 1946; x_wconf 82' lang='grc' dir='ltr'><em>εφέζετο</em></span> <span class='ocrx_word' id='word_1_171' title='bbox 288 1872 331 1945; x_wconf 89' lang='grc' dir='ltr'>Μ,</span> <span class='ocrx_word' id='word_1_172' title='bbox 345 1869 469 1949; x_wconf 77' lang='grc' dir='ltr'><em>ἐφέσετο</em></span> <span class='ocrx_word' id='word_1_173' title='bbox 480 1875 521 1944; x_wconf 72' lang='lat' dir='ltr'>R,</span> <span class='ocrx_word' id='word_1_174' title='bbox 536 1893 616 1949; x_wconf 86' lang='grc' dir='ltr'><em>γοιης</em></span> <span class='ocrx_word' id='word_1_175' title='bbox 627 1875 667 1945; x_wconf 90' lang='grc' dir='ltr'>Μ,</span> <span class='ocrx_word' id='word_1_176' title='bbox 682 1872 762 1952; x_wconf 82' lang='grc' dir='ltr'><em>γαίης</em></span> <span class='ocrx_word' id='word_1_177' title='bbox 773 1873 811 1944; x_wconf 90' lang='lat' dir='ltr'>L;</span> <span class='ocrx_word' id='word_1_178' title='bbox 826 1908 856 1914; x_wconf 79' lang='lat'><em>—</em></span> <span class='ocrx_word' id='word_1_179' title='bbox 874 1871 915 1931; x_wconf 84' lang='grc'>48</span> <span class='ocrx_word' id='word_1_180' title='bbox 930 1869 989 1929; x_wconf 77' lang='grc' dir='ltr'><em>οὐδ’</em></span> <span class='ocrx_word' id='word_1_181' title='bbox 1000 1870 1127 1936; x_wconf 87' lang='grc' dir='ltr'><em>ακόλπος</em></span> <span class='ocrx_word' id='word_1_182' title='bbox 1137 1868 1228 1948; x_wconf 85' lang='grc' dir='ltr'><em>αραξε</em></span> <span class='ocrx_word' id='word_1_183' title='bbox 1237 1870 1279 1942; x_wconf 92' lang='grc' dir='ltr'>Μ,</span> 
     </span>
     <span class='ocr_line' id='line_1_17' title="bbox 152 1963 1279 2044; baseline 0 -23"><span class='ocrx_word' id='word_1_184' title='bbox 152 1963 223 2021; x_wconf 83' lang='grc' dir='ltr'><em>οὐδέ</em></span> <span class='ocrx_word' id='word_1_185' title='bbox 251 1985 284 2022; x_wconf 83' lang='grc' dir='ltr'>τε</span> <span class='ocrx_word' id='word_1_186' title='bbox 315 1966 418 2022; x_wconf 88' lang='grc' dir='ltr'><em>κόλπον</em></span> <span class='ocrx_word' id='word_1_187' title='bbox 450 1963 533 2044; x_wconf 82' lang='grc' dir='ltr'><em>ἔρυξε</em></span> <span class='ocrx_word' id='word_1_188' title='bbox 563 1968 625 2024; x_wconf 91' lang='lat' dir='ltr'>rell.</span> <span class='ocrx_word' id='word_1_189' title='bbox 652 1967 734 2026; x_wconf 89' lang='lat' dir='ltr'>codd.</span> <span class='ocrx_word' id='word_1_190' title='bbox 762 1973 791 2025; x_wconf 92' lang='lat' dir='ltr'>et</span> <span class='ocrx_word' id='word_1_191' title='bbox 823 1966 887 2024; x_wconf 92' lang='lat' dir='ltr'>edd.</span> <span class='ocrx_word' id='word_1_192' title='bbox 921 1973 988 2025; x_wconf 83' lang='lat' dir='ltr'>ente</span> <span class='ocrx_word' id='word_1_193' title='bbox 1020 1965 1199 2036; x_wconf 88' lang='lat' dir='ltr'>Bekkerum,</span> <span class='ocrx_word' id='word_1_194' title='bbox 1231 1964 1279 2036; x_wconf 87' lang='lat' dir='ltr'>qui</span> 
     </span>
     <span class='ocr_line' id='line_1_18' title="bbox 152 2056 1278 2135; baseline 0 -19"><span class='ocrx_word' id='word_1_195' title='bbox 152 2061 262 2132; x_wconf 89' lang='lat' dir='ltr'>primus</span> <span class='ocrx_word' id='word_1_196' title='bbox 284 2059 424 2132; x_wconf 87' lang='lat' dir='ltr'>Lennepii</span> <span class='ocrx_word' id='word_1_197' title='bbox 452 2061 646 2118; x_wconf 84' lang='lat' dir='ltr'>coniecturam</span> <span class='ocrx_word' id='word_1_198' title='bbox 673 2056 760 2135; x_wconf 83' lang='grc' dir='ltr'><em>εὐρέα</em></span> <span class='ocrx_word' id='word_1_199' title='bbox 786 2057 890 2115; x_wconf 87' lang='grc' dir='ltr'><em>κόλπον</em></span> <span class='ocrx_word' id='word_1_200' title='bbox 916 2059 1028 2131; x_wconf 88' lang='lat' dir='ltr'>recepit</span> <span class='ocrx_word' id='word_1_201' title='bbox 1054 2064 1083 2116; x_wconf 90' lang='lat' dir='ltr'>et</span> <span class='ocrx_word' id='word_1_202' title='bbox 1108 2059 1227 2130; x_wconf 89' lang='lat' dir='ltr'>insuper</span> <span class='ocrx_word' id='word_1_203' title='bbox 1245 2057 1278 2116; x_wconf 92' lang='lat' dir='ltr'>M</span> 
     </span>
     <span class='ocr_line' id='line_1_19' title="bbox 153 2150 1278 2229; baseline -0.001 -19"><span class='ocrx_word' id='word_1_204' title='bbox 153 2153 219 2210; x_wconf 89' lang='lat' dir='ltr'>libri</span> <span class='ocrx_word' id='word_1_205' title='bbox 247 2155 418 2226; x_wconf 80' lang='lat' dir='ltr'>scripturam</span> <span class='ocrx_word' id='word_1_206' title='bbox 444 2151 536 2228; x_wconf 76' lang='grc' dir='ltr'><em>ἄραξε</em></span> <span class='ocrx_word' id='word_1_207' title='bbox 560 2155 688 2211; x_wconf 85' lang='lat' dir='ltr'>retinuit.</span> <span class='ocrx_word' id='word_1_208' title='bbox 735 2154 894 2211; x_wconf 81' lang='lat' dir='ltr'>Praetereo</span> <span class='ocrx_word' id='word_1_209' title='bbox 919 2170 1089 2229; x_wconf 84' lang='grc' dir='ltr'><em>εφρασσατο</em></span> <span class='ocrx_word' id='word_1_210' title='bbox 1108 2169 1210 2227; x_wconf 84' lang='grc' dir='ltr'><em>πετρην</em></span> <span class='ocrx_word' id='word_1_211' title='bbox 1231 2150 1278 2222; x_wconf 87' lang='grc' dir='ltr'>Μ;</span> 
     </span>
     <span class='ocr_line' id='line_1_20' title="bbox 152 2243 1278 2322; baseline 0 -21"><span class='ocrx_word' id='word_1_212' title='bbox 152 2243 304 2322; x_wconf 79' lang='grc' dir='ltr'><em>ἐφράσατο</em></span> <span class='ocrx_word' id='word_1_213' title='bbox 325 2245 431 2318; x_wconf 88' lang='lat' dir='ltr'>PSW,</span> <span class='ocrx_word' id='word_1_214' title='bbox 457 2244 490 2302; x_wconf 80' lang='grc' dir='ltr'>οὐ</span> <span class='ocrx_word' id='word_1_215' title='bbox 509 2247 663 2322; x_wconf 82' lang='grc' dir='ltr'><em>φράσσατο</em></span> <span class='ocrx_word' id='word_1_216' title='bbox 688 2247 719 2305; x_wconf 81' lang='grc' dir='ltr'>Ο.</span> <span class='ocrx_word' id='word_1_217' title='bbox 760 2247 817 2305; x_wconf 85' lang='lat' dir='ltr'>Sed</span> <span class='ocrx_word' id='word_1_218' title='bbox 842 2247 898 2305; x_wconf 84' lang='lat' dir='ltr'>ium</span> <span class='ocrx_word' id='word_1_219' title='bbox 925 2246 1074 2305; x_wconf 81' lang='lat' dir='ltr'>audiamus</span> <span class='ocrx_word' id='word_1_220' title='bbox 1100 2246 1216 2304; x_wconf 83' lang='lat' dir='ltr'>criticos</span> <span class='ocrx_word' id='word_1_221' title='bbox 1241 2243 1278 2302; x_wconf 80' lang='lat' dir='ltr'>de</span> 
     </span>
     <span class='ocr_line' id='line_1_21' title="bbox 151 2335 1278 2418; baseline -0.001 -23"><span class='ocrx_word' id='word_1_222' title='bbox 151 2357 195 2395; x_wconf 87' lang='lat' dir='ltr'>vv.</span> <span class='ocrx_word' id='word_1_223' title='bbox 216 2340 338 2398; x_wconf 53' lang='lat'>47048</span> <span class='ocrx_word' id='word_1_224' title='bbox 359 2341 559 2400; x_wconf 84' lang='lat' dir='ltr'>vexatissimis.</span> <span class='ocrx_word' id='word_1_225' title='bbox 605 2341 755 2399; x_wconf 84' lang='lat' dir='ltr'>Brodaeus</span> <span class='ocrx_word' id='word_1_226' title='bbox 780 2343 868 2418; x_wconf 85' lang='grc' dir='ltr'><em>χεῖρα</em></span> <span class='ocrx_word' id='word_1_227' title='bbox 892 2339 926 2398; x_wconf 79' lang='grc' dir='ltr'>δὲ</span> <span class='ocrx_word' id='word_1_228' title='bbox 953 2337 1033 2417; x_wconf 86' lang='grc' dir='ltr'><em>γαίης</em></span> <span class='ocrx_word' id='word_1_229' title='bbox 1058 2335 1132 2396; x_wconf 81' lang='grc' dir='ltr'><em>Οὐδέ</em></span> <span class='ocrx_word' id='word_1_230' title='bbox 1155 2357 1188 2394; x_wconf 86' lang='grc' dir='ltr'>τε</span> <span class='ocrx_word' id='word_1_231' title='bbox 1212 2335 1278 2394; x_wconf 90' lang='grc' dir='ltr'><em>κόλ-</em></span> 
     </span>
     <span class='ocr_line' id='line_1_22' title="bbox 150 2426 1277 2507; baseline 0.001 -20"><span class='ocrx_word' id='word_1_232' title='bbox 150 2451 203 2487; x_wconf 83' lang='grc' dir='ltr'>πον</span> <span class='ocrx_word' id='word_1_233' title='bbox 223 2426 309 2506; x_wconf 84' lang='grc' dir='ltr'><em>ἔρυξε</em></span> <span class='ocrx_word' id='word_1_234' title='bbox 332 2433 467 2506; x_wconf 88' lang='lat' dir='ltr'>coniecit,</span> <span class='ocrx_word' id='word_1_235' title='bbox 492 2434 633 2507; x_wconf 86' lang='lat' dir='ltr'>probante</span> <span class='ocrx_word' id='word_1_236' title='bbox 658 2434 794 2492; x_wconf 83' lang='lat' dir='ltr'>Neandro</span> <span class='ocrx_word' id='word_1_237' title='bbox 820 2435 862 2503; x_wconf 76' lang='lat' dir='ltr'>(in</span> <span class='ocrx_word' id='word_1_238' title='bbox 886 2434 967 2492; x_wconf 87' lang='lat' dir='ltr'>cuius</span> <span class='ocrx_word' id='word_1_239' title='bbox 993 2433 1127 2491; x_wconf 86' lang='lat' dir='ltr'>editionis</span> <span class='ocrx_word' id='word_1_240' title='bbox 1149 2432 1277 2504; x_wconf 79' lang='lat' dir='ltr'>margine</span> 
     </span>
     <span class='ocr_line' id='line_1_23' title="bbox 151 2513 1278 2598; baseline -0.001 -15"><span class='ocrx_word' id='word_1_241' title='bbox 151 2532 248 2583; x_wconf 88' lang='lat' dir='ltr'>tamen</span> <span class='ocrx_word' id='word_1_242' title='bbox 274 2524 378 2583; x_wconf 85' lang='grc' dir='ltr'><em>κόλπον</em></span> <span class='ocrx_word' id='word_1_243' title='bbox 399 2513 627 2598; x_wconf 86' lang='lat' dir='ltr'>commendatur)</span> <span class='ocrx_word' id='word_1_244' title='bbox 649 2527 794 2587; x_wconf 86' lang='lat' dir='ltr'>etUbelo.</span> <span class='ocrx_word' id='word_1_245' title='bbox 825 2527 943 2586; x_wconf 86' lang='lat' dir='ltr'>Vossius</span> <span class='ocrx_word' id='word_1_246' title='bbox 965 2527 992 2584; x_wconf 93' lang='lat' dir='ltr'>in</span> <span class='ocrx_word' id='word_1_247' title='bbox 1014 2525 1151 2585; x_wconf 87' lang='lat' dir='ltr'>Observv.</span> <span class='ocrx_word' id='word_1_248' title='bbox 1171 2525 1209 2583; x_wconf 82' lang='lat' dir='ltr'>ad</span> <span class='ocrx_word' id='word_1_249' title='bbox 1224 2523 1278 2583; x_wconf 82' lang='lat' dir='ltr'>Oa·</span> 
     </span>
     <span class='ocr_line' id='line_1_24' title="bbox 151 2615 1278 2696; baseline -0.004 -20"><span class='ocrx_word' id='word_1_250' title='bbox 151 2620 268 2691; x_wconf 90' lang='lat' dir='ltr'>tullum,</span> <span class='ocrx_word' id='word_1_251' title='bbox 299 2620 426 2691; x_wconf 84' lang='lat' dir='ltr'>Epithal.</span> <span class='ocrx_word' id='word_1_252' title='bbox 452 2621 512 2678; x_wconf 89' lang='lat' dir='ltr'>Pel.</span> <span class='ocrx_word' id='word_1_253' title='bbox 535 2626 564 2678; x_wconf 86' lang='lat' dir='ltr'>et</span> <span class='ocrx_word' id='word_1_254' title='bbox 583 2621 666 2678; x_wconf 89' lang='lat' dir='ltr'>Thet.</span> <span class='ocrx_word' id='word_1_255' title='bbox 688 2638 713 2678; x_wconf 82' lang='lat' dir='ltr'>v.</span> <span class='ocrx_word' id='word_1_256' title='bbox 734 2627 798 2692; x_wconf 85' lang='lat'>258,</span> <span class='ocrx_word' id='word_1_257' title='bbox 818 2638 846 2692; x_wconf 91' lang='lat' dir='ltr'>p.</span> <span class='ocrx_word' id='word_1_258' title='bbox 863 2627 917 2678; x_wconf 89' lang='grc'>223</span> <span class='ocrx_word' id='word_1_259' title='bbox 938 2621 1023 2677; x_wconf 90' lang='lat' dir='ltr'>mire:</span> <span class='ocrx_word' id='word_1_260' title='bbox 1052 2616 1128 2696; x_wconf 80' lang='grc' dir='ltr'><em>γειρλ</em></span> <span class='ocrx_word' id='word_1_261' title='bbox 1153 2615 1187 2674; x_wconf 83' lang='grc' dir='ltr'>δὲ</span> <span class='ocrx_word' id='word_1_262' title='bbox 1214 2617 1278 2694; x_wconf 76' lang='grc' dir='ltr'><em>λαιῇ</em></span> 
     </span>
     <span class='ocr_line' id='line_1_25' title="bbox 144 2705 1278 2790; baseline -0.004 -22"><span class='ocrx_word' id='word_1_263' title='bbox 144 2708 229 2768; x_wconf 71' lang='grc' dir='ltr'><em>Ἵλνὸε</em></span> <span class='ocrx_word' id='word_1_264' title='bbox 250 2731 283 2768; x_wconf 89' lang='grc' dir='ltr'>τε</span> <span class='ocrx_word' id='word_1_265' title='bbox 304 2710 423 2768; x_wconf 82' lang='grc' dir='ltr'><em>κόλλοπ’</em></span> <span class='ocrx_word' id='word_1_266' title='bbox 444 2708 530 2790; x_wconf 81' lang='grc' dir='ltr'><em>ἔρυξε</em></span> <span class='ocrx_word' id='word_1_267' title='bbox 550 2711 598 2768; x_wconf 83' lang='grc' dir='ltr'><em>καλ</em></span> <span class='ocrx_word' id='word_1_268' title='bbox 618 2709 650 2790; x_wconf 75' lang='grc' dir='ltr'>ἣν</span> <span class='ocrx_word' id='word_1_269' title='bbox 670 2710 861 2789; x_wconf 81' lang='grc' dir='ltr'><em>ἐφοράσσατο</em></span> <span class='ocrx_word' id='word_1_270' title='bbox 880 2708 996 2788; x_wconf 77' lang='grc' dir='ltr'><em>πέτρην,</em></span> <span class='ocrx_word' id='word_1_271' title='bbox 1022 2711 1067 2768; x_wconf 88' lang='lat' dir='ltr'>vel</span> <span class='ocrx_word' id='word_1_272' title='bbox 1088 2707 1136 2767; x_wconf 82' lang='grc' dir='ltr'><em>καλ</em></span> <span class='ocrx_word' id='word_1_273' title='bbox 1156 2705 1187 2766; x_wconf 76' lang='grc' dir='ltr'><em>όν</em></span> <span class='ocrx_word' id='word_1_274' title='bbox 1207 2705 1278 2783; x_wconf 83' lang='grc' dir='ltr'><em>ἐφυ-</em></span> 
     </span>
     <span class='ocr_line' id='line_1_26' title="bbox 148 2799 1276 2885; baseline -0.004 -23"><span class='ocrx_word' id='word_1_275' title='bbox 148 2804 284 2880; x_wconf 89' lang='grc' dir='ltr'><em>ράσσατο</em></span> <span class='ocrx_word' id='word_1_276' title='bbox 311 2803 422 2882; x_wconf 88' lang='grc' dir='ltr'><em>πέτρον.</em></span> <span class='ocrx_word' id='word_1_277' title='bbox 462 2805 631 2865; x_wconf 87' lang='lat' dir='ltr'>Dorvillius:</span> <span class='ocrx_word' id='word_1_278' title='bbox 659 2805 737 2885; x_wconf 80' lang='grc' dir='ltr'><em>χειρὶ</em></span> <span class='ocrx_word' id='word_1_279' title='bbox 763 2803 797 2862; x_wconf 84' lang='grc' dir='ltr'>δὲ</span> <span class='ocrx_word' id='word_1_280' title='bbox 823 2804 904 2882; x_wconf 88' lang='grc' dir='ltr'><em>γαίης</em></span> <span class='ocrx_word' id='word_1_281' title='bbox 934 2799 1027 2868; x_wconf 68' lang='lat' dir='ltr'>(stridor</span> <span class='ocrx_word' id='word_1_282' title='bbox 1057 2799 1159 2859; x_wconf 84' lang='grc' dir='ltr'><em>πολλόν</em></span> <span class='ocrx_word' id='word_1_283' title='bbox 1190 2799 1276 2879; x_wconf 80' lang='grc' dir='ltr'><em>όροξε</em></span> 
     </span>
     <span class='ocr_line' id='line_1_27' title="bbox 153 2893 1277 2976; baseline -0.002 -23"><span class='ocrx_word' id='word_1_284' title='bbox 153 2897 202 2954; x_wconf 78' lang='grc' dir='ltr'>καί</span> <span class='ocrx_word' id='word_1_285' title='bbox 223 2894 277 2955; x_wconf 79' lang='grc' dir='ltr'>οὐκ</span> <span class='ocrx_word' id='word_1_286' title='bbox 300 2895 472 2974; x_wconf 80' lang='grc' dir='ltr'><em>ἐφράσσατο</em></span> <span class='ocrx_word' id='word_1_287' title='bbox 492 2897 595 2976; x_wconf 86' lang='grc' dir='ltr'><em>πέτρην</em></span> <span class='ocrx_word' id='word_1_288' title='bbox 615 2900 721 2958; x_wconf 80' lang='lat' dir='ltr'>collato</span> <span class='ocrx_word' id='word_1_289' title='bbox 735 2899 861 2958; x_wconf 87' lang='lat' dir='ltr'>Homero</span> <span class='ocrx_word' id='word_1_290' title='bbox 881 2898 914 2955; x_wconf 88' lang='lat' dir='ltr'>Il.</span> <span class='ocrx_word' id='word_1_291' title='bbox 928 2899 956 2955; x_wconf 88' lang='lat' dir='ltr'>X</span> <span class='ocrx_word' id='word_1_292' title='bbox 977 2904 1032 2956; x_wconf 85' lang='grc'>563</span> <span class='ocrx_word' id='word_1_293' title='bbox 1054 2893 1156 2968; x_wconf 80' lang='grc' dir='ltr'><em>(πολλὰ</em></span> <span class='ocrx_word' id='word_1_294' title='bbox 1176 2893 1209 2952; x_wconf 81' lang='grc' dir='ltr'>δὲ</span> <span class='ocrx_word' id='word_1_295' title='bbox 1229 2893 1277 2952; x_wconf 84' lang='grc' dir='ltr'><em>καλ</em></span> 
     </span>
     <span class='ocr_line' id='line_1_28' title="bbox 151 2985 1277 3070; baseline 0 -24"><span class='ocrx_word' id='word_1_296' title='bbox 151 2995 232 3068; x_wconf 83' lang='grc' dir='ltr'><em>γαῖαν</em></span> <span class='ocrx_word' id='word_1_297' title='bbox 246 2990 432 3069; x_wconf 78' lang='grc' dir='ltr'><em>πολυφόρβην</em></span> <span class='ocrx_word' id='word_1_298' title='bbox 444 2991 551 3070; x_wconf 81' lang='grc' dir='ltr'><em>χερσίν</em></span> <span class='ocrx_word' id='word_1_299' title='bbox 566 2991 649 3048; x_wconf 86' lang='grc' dir='ltr'><em>ἀλοία</em></span> <span class='ocrx_word' id='word_1_300' title='bbox 664 2988 855 3068; x_wconf 77' lang='grc' dir='ltr'><em>Κικλησκοοσ’</em></span> <span class='ocrx_word' id='word_1_301' title='bbox 872 2985 953 3068; x_wconf 80' lang='grc' dir='ltr'><em>Ἀίδην</em></span> <span class='ocrx_word' id='word_1_302' title='bbox 974 2989 1023 3047; x_wconf 78' lang='grc' dir='ltr'>καί</span> <span class='ocrx_word' id='word_1_303' title='bbox 1042 2985 1155 3067; x_wconf 67' lang='grc' dir='ltr'><em>ἐπαινὴν</em></span> <span class='ocrx_word' id='word_1_304' title='bbox 1171 2987 1277 3065; x_wconf 69' lang='lat' dir='ltr'>lispos-</span> 
     </span>
     <span class='ocr_line' id='line_1_29' title="bbox 150 3081 1276 3162; baseline 0.002 -22"><span class='ocrx_word' id='word_1_305' title='bbox 150 3083 269 3161; x_wconf 87' lang='grc' dir='ltr'><em>φόνειαν</em></span> <span class='ocrx_word' id='word_1_306' title='bbox 291 3093 321 3143; x_wconf 90' lang='lat' dir='ltr'>et</span> <span class='ocrx_word' id='word_1_307' title='bbox 343 3087 439 3156; x_wconf 77' lang='lat' dir='ltr'>Quint.</span> <span class='ocrx_word' id='word_1_308' title='bbox 460 3085 517 3144; x_wconf 76' lang='lat' dir='ltr'>Sin.</span> <span class='ocrx_word' id='word_1_309' title='bbox 537 3086 579 3143; x_wconf 88' lang='lat' dir='ltr'>XI</span> <span class='ocrx_word' id='word_1_310' title='bbox 600 3092 648 3156; x_wconf 88' lang='grc'>23)</span> <span class='ocrx_word' id='word_1_311' title='bbox 672 3087 718 3143; x_wconf 83' lang='lat' dir='ltr'>vel</span> <span class='ocrx_word' id='word_1_312' title='bbox 738 3081 830 3161; x_wconf 80' lang='grc' dir='ltr'><em>ἄραξε</em></span> <span class='ocrx_word' id='word_1_313' title='bbox 850 3102 902 3158; x_wconf 89' lang='lat' dir='ltr'>pro</span> <span class='ocrx_word' id='word_1_314' title='bbox 924 3081 1009 3162; x_wconf 81' lang='grc' dir='ltr'><em>όροξε</em></span> <span class='ocrx_word' id='word_1_315' title='bbox 1034 3084 1140 3144; x_wconf 80' lang='lat' dir='ltr'>colluto</span> <span class='ocrx_word' id='word_1_316' title='bbox 1161 3083 1276 3156; x_wconf 87' lang='lat' dir='ltr'>Orpheo</span> 
     </span>
     <span class='ocr_line' id='line_1_30' title="bbox 150 3173 1276 3256; baseline -0.004 -20"><span class='ocrx_word' id='word_1_317' title='bbox 150 3181 221 3251; x_wconf 80' lang='lat' dir='ltr'>Arg.</span> <span class='ocrx_word' id='word_1_318' title='bbox 238 3184 294 3237; x_wconf 83' lang='lat'>439</span> <span class='ocrx_word' id='word_1_319' title='bbox 318 3174 419 3249; x_wconf 82' lang='grc' dir='ltr'><em>(οὖδας</em></span> <span class='ocrx_word' id='word_1_320' title='bbox 433 3175 460 3233; x_wconf 81' lang='grc' dir='ltr'>δ’</span> <span class='ocrx_word' id='word_1_321' title='bbox 479 3173 582 3255; x_wconf 76' lang='grc' dir='ltr'><em>ἧραξεν</em></span> <span class='ocrx_word' id='word_1_322' title='bbox 602 3176 725 3256; x_wconf 81' lang='grc' dir='ltr'><em>όπλῇσι),</em></span> <span class='ocrx_word' id='word_1_323' title='bbox 756 3179 922 3251; x_wconf 88' lang='lat' dir='ltr'>Lennepius</span> <span class='ocrx_word' id='word_1_324' title='bbox 941 3175 1019 3256; x_wconf 76' lang='grc' dir='ltr'><em>χειρὶ</em></span> <span class='ocrx_word' id='word_1_325' title='bbox 1037 3174 1072 3234; x_wconf 82' lang='grc' dir='ltr'>δὲ</span> <span class='ocrx_word' id='word_1_326' title='bbox 1091 3175 1172 3254; x_wconf 85' lang='grc' dir='ltr'><em>γαίης</em></span> <span class='ocrx_word' id='word_1_327' title='bbox 1190 3173 1276 3252; x_wconf 85' lang='grc' dir='ltr'><em>εὐρέα</em></span> 
     </span>
     <span class='ocr_line' id='line_1_31' title="bbox 150 3266 1276 3346; baseline 0.002 -20"><span class='ocrx_word' id='word_1_328' title='bbox 150 3268 257 3327; x_wconf 86' lang='grc' dir='ltr'><em>κόλπον</em></span> <span class='ocrx_word' id='word_1_329' title='bbox 278 3266 370 3346; x_wconf 84' lang='grc' dir='ltr'><em>ἄραξε</em></span> <span class='ocrx_word' id='word_1_330' title='bbox 392 3271 616 3343; x_wconf 82' lang='lat' dir='ltr'>commendavit,</span> <span class='ocrx_word' id='word_1_331' title='bbox 642 3272 718 3342; x_wconf 88' lang='lat' dir='ltr'>quod</span> <span class='ocrx_word' id='word_1_332' title='bbox 744 3273 831 3329; x_wconf 83' lang='lat' dir='ltr'>etiem</span> <span class='ocrx_word' id='word_1_333' title='bbox 852 3272 944 3328; x_wconf 88' lang='lat' dir='ltr'>Inlien</span> <span class='ocrx_word' id='word_1_334' title='bbox 968 3271 1092 3343; x_wconf 90' lang='lat' dir='ltr'>recepit,</span> <span class='ocrx_word' id='word_1_335' title='bbox 1119 3271 1167 3341; x_wconf 91' lang='lat' dir='ltr'>qui</span> <span class='ocrx_word' id='word_1_336' title='bbox 1192 3284 1276 3341; x_wconf 86' lang='lat' dir='ltr'>pree·</span> 
     </span>
     <span class='ocr_line' id='line_1_32' title="bbox 152 3363 1275 3437; baseline -0.001 -16"><span class='ocrx_word' id='word_1_337' title='bbox 152 3371 235 3422; x_wconf 85' lang='lat' dir='ltr'>terea</span> <span class='ocrx_word' id='word_1_338' title='bbox 254 3370 337 3421; x_wconf 91' lang='lat' dir='ltr'>recte</span> <span class='ocrx_word' id='word_1_339' title='bbox 365 3365 538 3436; x_wconf 85' lang='lat' dir='ltr'>improbavit</span> <span class='ocrx_word' id='word_1_340' title='bbox 562 3371 692 3422; x_wconf 84' lang='lat' dir='ltr'>veterum</span> <span class='ocrx_word' id='word_1_341' title='bbox 717 3365 907 3437; x_wconf 88' lang='lat' dir='ltr'>interpretum</span> <span class='ocrx_word' id='word_1_342' title='bbox 932 3363 1117 3432; x_wconf 81' lang='lat' dir='ltr'>sententium,</span> <span class='ocrx_word' id='word_1_343' title='bbox 1145 3363 1275 3434; x_wconf 83' lang='lat' dir='ltr'>lapillum</span> 
     </span>
     <span class='ocr_line' id='line_1_33' title="bbox 151 3454 1276 3516; baseline -0.001 -2"><span class='ocrx_word' id='word_1_344' title='bbox 151 3456 284 3515; x_wconf 85' lang='lat' dir='ltr'>flammae</span> <span class='ocrx_word' id='word_1_345' title='bbox 314 3457 516 3515; x_wconf 71' lang='lat' dir='ltr'>recondendae</span> <span class='ocrx_word' id='word_1_346' title='bbox 541 3474 629 3516; x_wconf 83' lang='lat' dir='ltr'>causo</span> <span class='ocrx_word' id='word_1_347' title='bbox 654 3459 683 3514; x_wconf 91' lang='lat' dir='ltr'>in</span> <span class='ocrx_word' id='word_1_348' title='bbox 704 3465 801 3516; x_wconf 78' lang='lat' dir='ltr'>terrae</span> <span class='ocrx_word' id='word_1_349' title='bbox 822 3457 979 3515; x_wconf 89' lang='lat' dir='ltr'>visceribus</span> <span class='ocrx_word' id='word_1_350' title='bbox 998 3454 1107 3514; x_wconf 82' lang='lat' dir='ltr'>frustra</span> <span class='ocrx_word' id='word_1_351' title='bbox 1127 3455 1163 3514; x_wconf 86' lang='lat' dir='ltr'>cb</span> <span class='ocrx_word' id='word_1_352' title='bbox 1185 3455 1276 3514; x_wconf 85' lang='lat' dir='ltr'>Eride</span> 
     </span>
     <span class='ocr_line' id='line_1_34' title="bbox 150 3549 1276 3623; baseline -0.001 -16"><span class='ocrx_word' id='word_1_353' title='bbox 150 3552 313 3621; x_wconf 85' lang='lat' dir='ltr'>quaesitum</span> <span class='ocrx_word' id='word_1_354' title='bbox 332 3567 395 3608; x_wconf 88' lang='lat' dir='ltr'>esse</span> <span class='ocrx_word' id='word_1_355' title='bbox 410 3551 465 3609; x_wconf 89' lang='lat' dir='ltr'>sibi</span> <span class='ocrx_word' id='word_1_356' title='bbox 478 3551 722 3623; x_wconf 84' lang='lat' dir='ltr'>persuadentium.</span> <span class='ocrx_word' id='word_1_357' title='bbox 753 3551 825 3608; x_wconf 86' lang='lat' dir='ltr'>Tum</span> <span class='ocrx_word' id='word_1_358' title='bbox 840 3549 971 3610; x_wconf 81' lang='lat' dir='ltr'>Greefius</span> <span class='ocrx_word' id='word_1_359' title='bbox 984 3567 1013 3623; x_wconf 86' lang='lat' dir='ltr'>p.</span> <span class='ocrx_word' id='word_1_360' title='bbox 1029 3556 1093 3608; x_wconf 78' lang='grc'><strong>244.</strong></span> <span class='ocrx_word' id='word_1_361' title='bbox 1118 3549 1276 3622; x_wconf 76' lang='lat' dir='ltr'>»Lennepii</span> 
     </span>
     <span class='ocr_line' id='line_1_35' title="bbox 150 3637 1276 3712; baseline -0.001 -11"><span class='ocrx_word' id='word_1_362' title='bbox 150 3646 348 3702; x_wconf 87' lang='lat' dir='ltr'>coniecturam</span> <span class='ocrx_word' id='word_1_363' title='bbox 361 3643 454 3702; x_wconf 89' lang='lat' dir='ltr'>edidit</span> <span class='ocrx_word' id='word_1_364' title='bbox 463 3644 624 3712; x_wconf 87' lang='lat' dir='ltr'>Bekkerus,</span> <span class='ocrx_word' id='word_1_365' title='bbox 639 3661 695 3702; x_wconf 90' lang='lat' dir='ltr'>non</span> <span class='ocrx_word' id='word_1_366' title='bbox 707 3645 749 3702; x_wconf 88' lang='lat' dir='ltr'>itc</span> <span class='ocrx_word' id='word_1_367' title='bbox 763 3650 880 3702; x_wconf 83' lang='lat' dir='ltr'>certem.</span> <span class='ocrx_word' id='word_1_368' title='bbox 911 3645 936 3702; x_wconf 88' lang='grc' dir='ltr'><strong>Ε</strong></span> <span class='ocrx_word' id='word_1_369' title='bbox 948 3643 1011 3704; x_wconf 89' lang='lat' dir='ltr'>cod.</span> <span class='ocrx_word' id='word_1_370' title='bbox 1022 3643 1063 3702; x_wconf 87' lang='grc' dir='ltr'>Μ.</span> <span class='ocrx_word' id='word_1_371' title='bbox 1074 3637 1139 3700; x_wconf 80' lang='grc' dir='ltr'><em>οὐδ’</em></span> <span class='ocrx_word' id='word_1_372' title='bbox 1149 3639 1276 3708; x_wconf 78' lang='grc' dir='ltr'><em>ἀκόλπος</em></span> 
     </span>
     <span class='ocr_line' id='line_1_36' title="bbox 150 3731 1274 3812; baseline -0.002 -18"><span class='ocrx_word' id='word_1_373' title='bbox 150 3735 196 3812; x_wconf 85' lang='grc' dir='ltr'>ἀρ.</span> <span class='ocrx_word' id='word_1_374' title='bbox 213 3737 342 3809; x_wconf 83' lang='lat' dir='ltr'>exsculpi</span> <span class='ocrx_word' id='word_1_375' title='bbox 356 3744 455 3810; x_wconf 89' lang='lat' dir='ltr'>posset</span> <span class='ocrx_word' id='word_1_376' title='bbox 469 3738 571 3796; x_wconf 87' lang='lat' dir='ltr'>iisdem</span> <span class='ocrx_word' id='word_1_377' title='bbox 591 3754 684 3810; x_wconf 85' lang='lat' dir='ltr'>paene</span> <span class='ocrx_word' id='word_1_378' title='bbox 704 3738 796 3796; x_wconf 86' lang='lat' dir='ltr'>literis</span> <span class='ocrx_word' id='word_1_379' title='bbox 817 3731 907 3802; x_wconf 80' lang='grc' dir='ltr'><em>οὖδας</em></span> <span class='ocrx_word' id='word_1_380' title='bbox 927 3733 1049 3801; x_wconf 85' lang='grc' dir='ltr'><em>ἄνοπλος</em></span> <span class='ocrx_word' id='word_1_381' title='bbox 1069 3731 1160 3812; x_wconf 63' lang='lat' dir='ltr'>donft</span> <span class='ocrx_word' id='word_1_382' title='bbox 1175 3756 1201 3793; x_wconf 93' lang='grc' dir='ltr'>κ.</span> <span class='ocrx_word' id='word_1_383' title='bbox 1217 3736 1242 3794; x_wconf 89' lang='lat' dir='ltr'>si</span> <span class='ocrx_word' id='word_1_384' title='bbox 1255 3733 1274 3794; x_wconf 87' lang='lat' dir='ltr'>l.</span> 
     </span>
     <span class='ocr_line' id='line_1_37' title="bbox 149 3829 1273 3903; baseline -0.004 -16"><span class='ocrx_word' id='word_1_385' title='bbox 149 3829 228 3889; x_wconf 82' lang='lat' dir='ltr'>facili</span> <span class='ocrx_word' id='word_1_386' title='bbox 243 3847 347 3888; x_wconf 89' lang='lat' dir='ltr'>errore</span> <span class='ocrx_word' id='word_1_387' title='bbox 362 3833 500 3903; x_wconf 90' lang='lat' dir='ltr'>scriptum</span> <span class='ocrx_word' id='word_1_388' title='bbox 516 3830 653 3902; x_wconf 82' lang='grc' dir='ltr'><em>ἀνόλπος;</em></span> <span class='ocrx_word' id='word_1_389' title='bbox 674 3830 726 3888; x_wconf 91' lang='lat' dir='ltr'>sed</span> <span class='ocrx_word' id='word_1_390' title='bbox 739 3832 851 3890; x_wconf 88' lang='lat' dir='ltr'>numeri</span> <span class='ocrx_word' id='word_1_391' title='bbox 861 3830 902 3890; x_wconf 91' lang='lat' dir='ltr'>sic</span> <span class='ocrx_word' id='word_1_392' title='bbox 912 3835 1146 3903; x_wconf 87' lang='lat' dir='ltr'>corrumpuntur:</span> <span class='ocrx_word' id='word_1_393' title='bbox 1164 3859 1183 3884; x_wconf 74' lang='grc' dir='ltr'><strong>υ</strong></span> <span class='ocrx_word' id='word_1_394' title='bbox 1199 3877 1217 3888; x_wconf 88' lang='grc'>.</span> <span class='ocrx_word' id='word_1_395' title='bbox 1234 3858 1252 3883; x_wconf 71' lang='grc' dir='ltr'><strong><em>υ</em></strong></span> <span class='ocrx_word' id='word_1_396' title='bbox 1268 3831 1273 3901; x_wconf 74' lang='lat' dir='ltr'>l</span> 
     </span>
     <span class='ocr_line' id='line_1_38' title="bbox 149 3922 1275 3998; baseline 0.003 -22"><span class='ocrx_word' id='word_1_397' title='bbox 149 3955 167 3976; x_wconf 64' lang='lat' dir='ltr'>o</span> <span class='ocrx_word' id='word_1_398' title='bbox 182 3973 201 3981; x_wconf 86' lang='grc'><strong>,</strong></span> <span class='ocrx_word' id='word_1_399' title='bbox 220 3955 239 3976; x_wconf 68' lang='lat' dir='ltr'>o</span> <span class='ocrx_word' id='word_1_400' title='bbox 260 3931 265 3996; x_wconf 69' lang='grc' dir='ltr'><em>η</em></span> <span class='ocrx_word' id='word_1_401' title='bbox 289 3939 383 3994; x_wconf 89' lang='lat' dir='ltr'>neque</span> <span class='ocrx_word' id='word_1_402' title='bbox 403 3925 497 3982; x_wconf 86' lang='lat' dir='ltr'>simile</span> <span class='ocrx_word' id='word_1_403' title='bbox 523 3924 591 3996; x_wconf 88' lang='lat' dir='ltr'>qnid</span> <span class='ocrx_word' id='word_1_404' title='bbox 619 3922 689 3982; x_wconf 85' lang='lat' dir='ltr'>alibi</span> <span class='ocrx_word' id='word_1_405' title='bbox 709 3923 865 3998; x_wconf 87' lang='lat' dir='ltr'>Tryphiod.</span> <span class='ocrx_word' id='word_1_406' title='bbox 892 3930 943 3982; x_wconf 82' lang='lat' dir='ltr'>cut</span> <span class='ocrx_word' id='word_1_407' title='bbox 964 3922 1102 3984; x_wconf 85' lang='lat' dir='ltr'>Ooluthue</span> <span class='ocrx_word' id='word_1_408' title='bbox 1128 3922 1275 3984; x_wconf 83' lang='lat' dir='ltr'>commise-</span> 
     </span>
     <span class='ocr_line' id='line_1_39' title="bbox 148 4007 1280 4090; baseline -0.004 -18"><span class='ocrx_word' id='word_1_409' title='bbox 148 4023 225 4074; x_wconf 90' lang='lat' dir='ltr'>runt.</span> <span class='ocrx_word' id='word_1_410' title='bbox 265 4015 384 4088; x_wconf 83' lang='lat' dir='ltr'>Itaque,</span> <span class='ocrx_word' id='word_1_411' title='bbox 409 4018 529 4088; x_wconf 86' lang='lat' dir='ltr'>reliquis</span> <span class='ocrx_word' id='word_1_412' title='bbox 557 4016 646 4074; x_wconf 83' lang='lat' dir='ltr'>Oodd.</span> <span class='ocrx_word' id='word_1_413' title='bbox 667 4017 855 4090; x_wconf 83' lang='lat' dir='ltr'>comparatis,</span> <span class='ocrx_word' id='word_1_414' title='bbox 881 4017 1042 4090; x_wconf 84' lang='lat' dir='ltr'>proximum</span> <span class='ocrx_word' id='word_1_415' title='bbox 1068 4015 1167 4076; x_wconf 87' lang='lat' dir='ltr'>luerit:</span> <span class='ocrx_word' id='word_1_416' title='bbox 1197 4007 1280 4070; x_wconf 78' lang='grc' dir='ltr'><em>οὔδεϊ</em></span> 
     </span>
    </p>
   </div>
   <div class='ocr_carea' id='block_1_4' title="bbox 0 0 1550 4662">
    <p class='ocr_par' dir='ltr' id='par_1_4' title="bbox 0 0 1550 4662">
     <span class='ocr_line' id='line_1_40' title="bbox 0 0 1550 4662; baseline 0 3"><span class='ocrx_word' id='word_1_417' title='bbox 0 0 1550 4662; x_wconf 95' lang='lat' dir='ltr'> </span> 
     </span>
    </p>
   </div>
  </div>
 </body>
</html>
