3078 4654
602 305 835 367 -117-

146 491 288 564 Dixerat,
313 490 344 550 ui
369 488 470 562 fallor,
497 489 684 550 Hermionam
708 505 807 551 somno
826 505 996 564 oppressam
1018 494 1078 550 tam
1100 490 1175 564 alto,
1199 494 1233 550 ut
1253 490 1280 552 si

147 589 268 646 mortua
288 589 378 654 esset,
396 585 532 644 iacuisse.
561 585 646 644 Nunc
665 583 761 644 addit:
786 601 852 642 nam
872 585 898 644 si
918 584 1040 646 Somnus
1059 599 1155 644 comes
1173 582 1279 644 Mortis

148 684 212 753 est,
233 679 333 740 ambos
354 685 472 754 oportet
493 680 588 740 omnia
608 680 768 739 communia
788 685 902 752 nactos,
925 679 1042 738 maioris
1062 677 1162 738 fratris
1182 676 1278 738 iacere

147 769 273 831 officia«
315 773 356 832 Et
381 773 537 833 obsecutus
564 777 609 832 est
627 771 729 832 Lehrs.
770 770 877 832 (lontra
899 771 1058 831 Hermanni
1083 771 1277 832 coniecturam

147 865 225 924 haec
239 865 400 926 Schneider
420 884 448 940 p.
463 873 532 926 410:
556 867 638 926 »Non
658 865 823 938 scripsisset
842 865 924 937 haec,
944 865 1055 938 opinor,
1076 864 1119 922 vir
1133 864 1277 938 egregius,

148 957 176 1015 si
197 959 269 1018 satis
290 958 467 1018 attendisset
486 959 524 1017 ad
544 959 674 1032 proxime
695 963 848 1030 sequentes
860 972 969 1029 versus,
991 957 1040 1029 qui
1059 957 1135 1016 tales
1155 961 1235 1016 sunt:

307 1079 372 1139 307.
404 1073 488 1136 ἔνθεν
508 1076 713 1156 ἀκηχεμένοισι
729 1075 923 1154 apocopam
940 1074 1114 1154 βλεφάροισι

399 1170 536 1238 πολλάκις
557 1168 726 1239 ὑπνώουσιν,
746 1168 796 1228 ὅτε
817 1169 955 1244 κλαίουσι,
977 1171 1118 1246 γυναῖκες,

149 1289 202 1349 ubi
222 1285 307 1348 ἔνθεν
329 1289 485 1364 significat,
508 1291 581 1350 haec
601 1307 617 1349 e
639 1289 835 1364 superioribus
859 1287 1061 1348 ratiocinando
1081 1285 1163 1346 effici.
1194 1287 1275 1360 atqui

149 1384 287 1442 mulieres
308 1385 428 1443 moestis
450 1390 585 1459 gravatas
606 1385 695 1443 oculis
716 1383 830 1456 quando
850 1382 1039 1440 lacrimantur
1063 1396 1153 1454 saepe
1172 1380 1276 1440 obdor-

149 1477 287 1550 miscere,
312 1477 368 1535 hoc
395 1476 535 1548 quomodo
562 1476 680 1535 taudem
703 1476 844 1549 quispiam
863 1475 1038 1534 ratiocinare
1057 1475 1150 1547 possit
1174 1489 1210 1532 cx
1230 1481 1274 1547 eo,

148 1570 227 1643 qnod
242 1570 363 1630 Semnus
378 1586 473 1630 comes
488 1571 527 1628 sit
539 1569 645 1630 Mortis
659 1576 746 1641 atque
760 1574 883 1640 uterque
897 1568 1000 1627 eadem
1014 1566 1110 1629 officia
1123 1572 1274 1642 praestet?

150 1665 238 1725 immo
257 1665 328 1722 illud
348 1669 382 1722 ut
401 1662 551 1736 efficiatur,
571 1680 690 1723 necesse
710 1663 797 1722 estin
811 1661 1008 1736 superioribus
1022 1661 1194 1722 mentionem
1209 1677 1274 1724 esse

149 1757 256 1818 iactam
278 1757 503 1830 defatigationis.
534 1758 632 1830 itaque
653 1757 695 1816 sic
714 1757 811 1830 potius
832 1756 939 1814 dixisse
957 1761 1074 1829 poetam
1093 1757 1271 1829 putabimus:

151 1853 307 1912 »inclinata
327 1853 439 1912 cervice
460 1853 628 1924 [Hermione
652 1851 825 1911 obdormivit
850 1849 973 1909 errando
992 1849 1197 1922 querendoque
1223 1850 1273 1910 de-

147 1944 238 2020 fessa]
259 1939 346 2012 ῧπνος
366 1942 429 2004 ἐπεὶ
448 1944 628 2022 καμάτοιο
649 1943 851 2021 συνέμπορος.ι
884 1943 987 2015 quibus
1001 1944 1099 2002 statim
1120 1943 1202 2003 addit
1220 1959 1273 2003 cur

148 2037 318 2118 ουνέμκοροι
337 2057 457 2100 somnus
482 2046 513 2099 et
532 2038 704 2110 defatigatio
725 2039 782 2098 dici
802 2039 926 2112 possint:
1056 2093 1058 2098 .

786 2143 803 2227 i
824 2147 879 2226 rol»
898 2144 1010 2226 ἕτύιθυ

354 2239 443 2320 άμφω
463 2242 610 2321 ἀναγκαίη,
632 2241 728 2323 ξυνήια
747 2240 838 2300 πάντα
858 2239 1010 2319 λαχόντε

353 2331 425 2414 ἔργα
444 2335 644 2414 παλαιοτέροιο
664 2333 845 2416 κασιγνήτοιο
865 2331 989 2393 διώκειν.

148 2458 189 2516 sic
208 2457 283 2516 enim
304 2457 377 2516 haec
403 2455 556 2516 scribenda
581 2455 730 2528 videntur,
755 2456 858 2528 quibus
882 2455 937 2514 hoc
961 2454 1033 2513 dicit
1056 2459 1157 2528 poeta:
1186 2471 1269 2514 »nam

146 2550 275 2626 profecto
296 2550 434 2611 ambobus
454 2551 613 2609 necessitas
626 2550 763 2623 imposita
783 2554 836 2621 est,
856 2553 890 2606 ut
907 2548 1068 2607 communia
1081 2548 1177 2608 omnia
1189 2549 1270 2608 nacti

149 2651 342 2718 exsequantur
361 2644 481 2718 Mortis,
506 2645 623 2704 maioris
648 2643 747 2702 fratris
773 2661 888 2717 opera«
930 2642 1053 2702 Videtur
1077 2649 1174 2702 autem
1193 2644 1269 2703 hanc

147 2741 320 2800 sententiam
342 2737 491 2798 Oolluthus
512 2737 590 2811 apud
614 2738 800 2797 vetustiorem
821 2738 947 2809 aliquem
971 2741 1087 2810 poetam
1113 2737 1219 2810 legisse
1240 2743 1271 2798 et

146 2835 256 2892 iurem
277 2848 359 2890 suam
379 2832 570 2904 convertisse,
596 2837 629 2890 ut
653 2830 723 2891 fecit
742 2849 768 2890 v.
790 2837 846 2891 318
858 2847 937 2903 seqq.
963 2829 1085 2902 quodsi
1111 2837 1156 2890 est
1174 2832 1271 2905 potuit

147 2929 232 2986 etiam
252 2926 343 2985 verba
362 2921 451 3002 ἄμφω
473 2924 612 3012 ἀναγκαία
632 2923 700 2983 inde
719 2925 888 2998 traducere,
913 2930 946 2983 ut
969 2941 1026 2984 non
1046 2925 1103 2983 iam
1124 2939 1212 2984 causa
1231 2924 1271 2984 sit

147 3037 198 3080 cur
218 3023 281 3094 quis
307 3038 370 3079 cum
392 3019 507 3082 Graefio
528 3019 655 3080 offendat
674 3021 704 3077 iu
724 3025 859 3092 correpta
883 3019 985 3078 ultima
1007 3018 1113 3092 prioris
1136 3019 1270 3080 vocabuli

146 3116 265 3189 syllaba.
291 3157 298 3172 .
321 3158 327 3173 .
349 3158 357 3172 .
384 3114 521 3175 Ceterum
541 3113 618 3187 qnod
643 3109 731 3190 ἄμφω
752 3114 841 3172 statui
865 3117 918 3186 pro
938 3109 1046 3189 σ’μφοῖν
1066 3127 1146 3184 esse,
1167 3126 1268 3173 consu·

145 3209 223 3268 lendi
235 3215 303 3268 sunt
315 3209 453 3268 Meinelre
466 3208 506 3268 ad
522 3208 666 3267 Theocrit.
687 3226 717 3281 p.
731 3215 787 3266 316
805 3212 834 3265 et
847 3207 960 3280 Kochly
974 3207 1010 3267 ad
1029 3208 1125 3280 Quint.
1156 3207 1268 3281 Smynn.

144 3319 172 3376 p.
193 3308 258 3361 113.
299 3303 330 3362 si
357 3302 407 3375 qui
432 3309 529 3361 tamen
556 3297 645 3377 άμφω
670 3317 727 3360 non
752 3299 902 3359 ferendum
926 3302 1105 3374 putaverint,
1131 3305 1269 3374 poterunt

144 3412 206 3454 cum
233 3394 348 3456 Graefio
373 3395 501 3455 scribere
527 3393 641 3470 dpplr.‹
685 3393 908 3471 Haec-quiden
933 3394 1101 3454 Schneider.
1141 3393 1269 3454 offendit

146 3496 300 3564 praeterea
313 3490 343 3548 in
357 3491 476 3563 vulgata
489 3490 642 3563 scriptura,
657 3489 733 3561 qaod
747 3488 868 3548 Somnus
884 3485 989 3548 Mortis
1004 3493 1034 3547 et
1047 3485 1225 3565 ουνέμπορος
1237 3493 1268 3549 et

145 3582 316 3660 κασίγνητος
339 3583 453 3642 dicitur.
497 3583 595 3655 Quare
621 3579 827 3641 Schneiderum
852 3587 969 3640 secutus
994 3596 1070 3650 sum,
1098 3581 1153 3641 etsi
1179 3597 1267 3656 aegre

143 3677 242 3752 ieram,
267 3678 344 3750 qnod
363 3695 417 3752 per
437 3679 500 3738 eius
521 3677 751 3737 emendationem
771 3676 852 3734 Mors
873 3677 960 3734 etiam
981 3673 1112 3750 καμάτου
1133 3674 1266 3754 κασίγνη-

144 3790 194 3837 τος
212 3772 319 3830 dicitur
340 3777 370 3831 et
389 3777 543 3845 praeterea
565 3771 660 3830 verbis
680 3765 881 3845 παλαιοτέροιο
904 3765 1088 3845 κασιγνήτοιο
1111 3783 1169 3827 non
1194 3769 1266 3828 satia

144 3871 278 3924 accurate
294 3864 449 3924 denotatus
469 3869 524 3924 est
548 3895 581 3907 -·
603 3863 735 3936 Denique
749 3861 891 3922 Tonrnier
909 3879 938 3936 p.
952 3867 990 3922 46
1003 3866 1155 3935 postquam
1168 3862 1266 3922 multis

144 3959 280 4032 exemplis
305 3959 401 4017 allatm
425 3957 525 4017 docuit
549 3957 669 4016 ultimae
693 3957 822 4029 syllabae
846 3956 876 4013 in
901 3950 990 4032 άιιφω
1016 3962 1169 4030 correptae
1194 3954 1266 4014 nihil

143 4049 320 4111 difficultatis
345 4053 440 4112 inesse
465 4050 529 4123 (cir.
558 4047 648 4129 ἄμφω
672 4049 859 4109 massonum
877 4051 971 4110 Noun.
991 4050 1077 4110 Dion.
1095 4050 1179 4109 XLII
1199 4055 1264 4108 ila.
