3078 4654
717 277 949 340 -112-

271 483 357 541 posse
382 465 494 538 copula.
534 469 690 538 praeterea
721 465 776 524 etsi
797 461 900 542 ῥόδον,
926 463 963 524 de
991 481 1048 536 quo
1072 462 1207 522 muIIeres
1232 468 1403 526 nominatim

273 579 329 622 non
350 565 434 619 erant
446 561 569 628 iooutae,
591 575 627 618 ex
646 555 780 635 ὡραίου
801 557 939 631 λειμῶνος
952 558 1095 616 mentione
1112 565 1262 631 arreptum
1277 561 1313 618 ab
1329 561 1403 618 Her·
1503 594 1509 633 :

273 657 368 714 mione
388 654 446 712 diei
466 655 573 726 possit,
593 668 649 712 non
670 652 785 710 videtur
804 659 901 709 tamen
921 652 963 708 ita
982 653 1092 710 servari
1111 669 1197 724 posse
1218 654 1399 724 vocabulum,

274 753 307 807 ut
326 748 411 806 simul
431 748 488 806 ista
507 745 599 820 figure
623 751 675 803 aut
694 746 801 803 vitetur
827 749 878 804 aut
902 745 1006 817 copula
1030 747 1166 804 restituta
1192 747 1221 802 iu
1247 763 1348 806 veram
1373 754 1401 804 et

272 843 470 914 incorruptam
499 838 620 898 formam
649 839 760 896 redeat.
800 839 899 909 itaque
924 838 1109 896 amandemus
1135 839 1307 898 vocabulum
1334 843 1400 898 seri-
1509 847 1510 868 ¹

273 934 431 1005 hamusque
445 926 618 1007 adiperos
631 927 665 996 ἐς
679 930 800 1006 λειμῶνα
811 929 875 1001 (ofr.
891 931 1035 1003 Aristoph.
1051 933 1104 989 Av.
1117 939 1172 990 345
1191 929 1247 988 ὅσα
1261 929 1290 988 r'
1304 930 1400 1008 εόδρό

273 1045 345 1092 σονς
365 1027 416 1103 γῆς
437 1021 542 1088 τόπους
561 1019 649 1102 ἔχετε
670 1022 793 1100 λειμῶνά
813 1043 860 1095 τε,
880 1024 1024 1083 Theocrit.
1046 1031 1092 1096 25,
1119 1032 1154 1084 16
1176 1024 1316 1100 λειμῶνες
1338 1025 1401 1082 ὑπό-

275 1119 390 1197 δροσοι)
405 1117 481 1191 quod
496 1119 642 1190 aliquanto
661 1118 823 1176 accuratius
839 1119 996 1190 respondet
1011 1119 1162 1176 mulierum
1178 1117 1314 1190 o‘rati0ni‚
1329 1136 1400 1191 quae

275 1213 413 1290 λειμῶνος
446 1210 568 1289 δροσόεν
597 1207 694 1268 πεδίον
724 1216 961 1270 memoraverunt.
1008 1228 1042 1270 ao
1073 1212 1157 1272 video
1188 1229 1263 1271 nuno
1295 1214 1404 1273 eisdem

274 1323 386 1366 meeum
412 1305 542 1384 vestigiIs
563 1305 702 1362 institisse
724 1303 877 1376 Graefium,
903 1305 951 1374 qui
975 1299 1010 1368 ἐς
1030 1303 1135 1379 δρόσον
1160 1308 1294 1365 coniecit.
1326 1309 1402 1379 quod

275 1417 327 1460 eur
347 1399 416 1458 ferri
437 1403 563 1470 nequeat
583 1399 653 1456 satis
676 1397 783 1455 dietum
805 1404 874 1454 est«
917 1395 1003 1471 δόμον
1023 1415 1075 1470 pro
1093 1396 1182 1474 ῥόδον
1203 1402 1276 1460 ooni.
1312 1401 1402 1460 Tour-

274 1494 338 1550 nier
362 1509 390 1564 p.
413 1498 463 1563 43,
495 1491 548 1549 sed
573 1491 720 1562 vulgatam
749 1494 829 1547 reete
854 1487 983 1546 defendit
1007 1489 1117 1548 Tiedke
1142 1491 1171 1547 in
1197 1492 1308 1551 Herma
1332 1495 1405 1554 XIII

274 1603 301 1658 p.
326 1593 391 1653 354,
413 1585 461 1642 ubi
482 1589 634 1656 postquam
655 1585 745 1640 multa
772 1584 872 1640 similis
899 1584 1063 1656 anaphorae
1086 1586 1218 1658 exempla
1244 1603 1279 1644 ex
1299 1590 1409 1648 Nonno-

276 1678 442 1748 eollegerat,
462 1676 535 1735 haee
555 1677 592 1734 de
612 1682 710 1734 nostro
731 1678 807 1735 ioco:
831 1677 942 1734 »Erunt
961 1675 1084 1736 fortasse
1103 1680 1151 1749 qui
1167 1695 1252 1736 versu
1267 1688 1324 1740 348
1339 1679 1401 1738 οἶδε

276 1767 434 1834 κελεύθους
453 1766 495 1834 Ἐς
517 1767 620 1845 ῥόδον,
647 1763 684 1832 ἐς
709 1767 832 1843 λειμῶνα
853 1770 1016 1829 Colluthum
1041 1772 1121 1829 illum
1142 1773 1257 1832 dicendi
1283 1776 1404 1833 modum.

275 1867 318 1924 ita
339 1865 481 1922 imitatum
502 1881 566 1922 esse
587 1865 751 1922 existiment
772 1867 808 1934 (ν.
823 1864 907 1922 Di0n.
929 1865 1023 1924 V262
1045 1865 1087 1930 εἷς
1107 1861 1182 1938 ἕλος,
1204 1866 1247 1931 εἰς
1268 1867 1407 1943 λειμῶνα,

274 1958 359 2017 1112
380 1953 435 2036 οὐχ
450 1953 526 2031 ἕλος,
547 1954 580 2014 οὐ
596 1957 740 2033 λειμῶνες,
760 1958 801 2014 IV
816 1965 870 2016 299
892 1959 925 2014 οὐ
946 1957 1038 2034 νομόν,
1059 1955 1092 2014 οὐ
1114 1958 1247 2034 λειμῶνα)
1272 1969 1303 2020 ut
1325 1979 1402 2020 eum-

277 2053 341 2113 dem
355 2054 489 2112 Nonnum
510 2059 626 2112 secutus
648 2053 731 2110 simul
744 2068 876 2110 rosarum
894 2052 1066 2110 mentionem
1086 2051 1196 2110 faceret
1218 2059 1256 2122 (v.
1270 2055 1356 2114 Dido.
1372 2057 1404 2114 II
1509 2053 1510 2088 I

278 2151 313 2208 79
331 2145 449 2225 ῥοδόεις
469 2142 496 2202 δ’
522 2143 685 2222 ἀμαθύνετο
707 2143 818 2220 λειμών,
838 2145 961 2203 XLVIII
977 2152 1033 2203 514
1054 2143 1247 2210 ἀνθεμόεντος
1267 2142 1331 2204 ἔσω
1347 2147 1402 2206 λει.

272 2242 380 2317 μῶνος,
400 2240 525 2299 XXXIV
541 2243 595 2300 107
616 2234 719 2296 οὔποτε
738 2241 815 2295 τοῖον
829 2235 930 2313 ἄγουσι
940 2235 1028 2316 ῥόδον
1044 2231 1309 2314 λειμωνιδεςὮραι,
1324 2241 1401 2300 Mus.
1511 2241 1512 2304 3

277 2351 302 2392 v.
325 2342 361 2393 60
378 2333 477 2411 ῥόδων
499 2334 642 2410 λειμῶνα).
681 2335 755 2392 Nam
781 2333 903 2392 ancillae
928 2332 1045 2403 quidem
1064 2350 1089 2388 v.
1111 2339 1166 2392 342
1193 2332 1328 2392 diuerant
1352 2335 1403 2391 nai
1511 2381 1512 2400 ,

274 2425 309 2493 ἐς
329 2426 453 2504 λειμῶνα
464 2427 594 2504 μολοῦσα
609 2424 723 2504 ‘ripam
743 2424 962 2503 δροσόεντος
983 2423 1054 2500 ὑπὲρ
1070 2423 1176 2480 πεδίοιο
1190 2423 1327 2498 θαάσσει,
1349 2429 1401 2485 sed

276 2523 342 2580 ideo
363 2522 538 2580 Hermionae
559 2537 672 2592 quoque
697 2521 840 2578 roscidum
867 2526 981 2590 pratum
1002 2518 1205 2591 appellandum
1233 2517 1323 2578 fuIsse
1344 2537 1401 2578 non

277 2616 339 2676 fere
361 2617 511 2687 quisquam
531 2614 675 2687 probabit.
706 2613 769 2672 Hoc
790 2619 900 2670 eertum
920 2606 1042 2679 videtur,
1064 2612 1088 2669 si
1107 2611 1136 2667 id
1151 2613 1290 2670 voluisset
1306 2613 1402 2672 Collu-

277 2711 353 2782 thus‚
375 2727 438 2768 eum
453 2727 510 2769 non
523 2705 662 2786 adipeam
680 2709 810 2784 λειμῶνα,
832 2707 907 2778 quod
926 2705 1034 2764 frustra
1048 2705 1250 2779 Aristophanis
1270 2711 1407 2783 exemplo

278 2802 457 2875 defenditur,
484 2805 656 2876 scripturum
682 2802 787 2870 fuisse,
814 2801 865 2859 sed
891 2800 934 2865 εἰς
958 2797 1098 2877 δροσερὸν
1125 2799 1248 2876 λειμῶνα
1269 2803 1346 2874 quod
1367 2817 1403 2861 ex

276 2896 378 2953 Nonno
398 2897 472 2954 bene
493 2903 589 2955 norat:
612 2895 666 2952 VH
686 2902 741 2953 346
763 2893 810 2949 καλ
832 2893 974 2970 δμοσεμοῦ
996 2893 1141 2968 λειμῶνος,
1161 2893 1245 2951 XLII
1265 2893 1314 2950 καλ
1333 2893 1400 2970 δρο-

278 2985 363 3064 σερὸν
385 2986 521 3062 λειμῶνα,
547 2988 574 3045 Κ
597 2994 630 3046 16
652 2985 695 3050 εἰς
719 2984 878 3064 δροσεροδς
903 2986 1069 3062 raptatae«
1098 3019 1131 3028 -—
1159 2985 1261 3061 λειμων
1288 2984 1336 3044 ἄτι
1355 2987 1387 3045 M
1394 3007 1401 3058 ;

277 3099 325 3142 μοι
345 3077 514 3158 φθεγγεσθε
533 3080 580 3153 Μ,
606 3080 682 3138 unde
700 3099 749 3151 μοι
768 3077 938 3156 φθέγγεσθε
959 3080 1023 3138 edd.
1050 3079 1118 3137 inde
1144 3079 1327 3140 aBekkero.
1363 3099 1402 3156 με

279 3171 452 3252 φθέγξασθε
470 3173 533 3231 rell.
556 3173 621 3232 edd.
643 3180 673 3232 et
693 3174 775 3234 codd.
791 3174 862 3233 dett
877 3181 996 3246 praeter
1011 3172 1042 3246 Ο,
1063 3174 1112 3244 qui
1127 3171 1204 3248 τίμέ
1215 3170 1412 3249 φθέγξασθαι·

278 3301 383 3374 habet3
404 3263 535 3377 γυναῖνλές
555 3301 585 3360 O.
610 3333 644 3344 -
670 3301 741 3359 Post
760 3301 836 3360 hune
858 3317 972 3359 versum
996 3303 1121 3373 quinque
1138 3301 1284 3358 minimum
1303 3317 1403 3359 versus

281 3396 462 3455 intercidisse
486 3401 566 3454 reete
590 3395 663 3455 vidit
688 3393 848 3453 Schneider
871 3411 900 3466 p.
921 3397 986 3453 407.
1012 3401 1083 3453 4ο8;
1116 3395 1225 3453 »omnis
1253 3395 1327 3452 enim
1353 3394 1403 3450 ilie

280 3502 383 3560 sermo,
404 3489 452 3560 qui
473 3494 520 3547 est
539 3505 558 3546 a
577 3504 663 3547 versu
683 3495 739 3547 330
760 3486 798 3545 ad
817 3505 843 3544 u.
865 3495 930 3560 362,
953 3504 1011 3547 non
1029 3494 1128 3561 potest
1148 3487 1249 3546 eodem
1269 3493 1400 3560 tempore

279 3577 394 3640 habitus
415 3597 487 3640 esso.
527 3597 594 3640 uam
616 3597 679 3639 eam
700 3582 762 3639 eius
782 3587 910 3654 partem,
936 3597 1010 3653 quae
1031 3589 1076 3641 est
1096 3599 1114 3640 a
1139 3599 1213 3642 vers.
1235 3590 1291 3641 330
1311 3595 1402 3652 usque

280 3671 317 3731 ad
338 3689 364 3730 v.
380 3681 435 3734 343
457 3681 580 3749 apparet
598 3675 728 3734 habitam
750 3691 815 3734 esse
835 3690 950 3748 mane,
970 3692 1057 3748 quum
1073 3675 1230 3735 Hermione
1252 3672 1403 3749 ἱσταμένης
1511 3671 1512 3678 '

279 3761 435 3844 ἠριγενείης
455 3771 493 3838 (v.
508 3771 576 3840 337)
597 3785 696 3828 somno
717 3769 813 3828 soluta
834 3773 955 3826 matrem
975 3768 1157 3828 desideraret
1173 3773 1204 3827 et
1216 3783 1319 3826 servae
1335 3783 1401 3839 quo·

280 3861 391 3916 rentem
413 3859 556 3919 dominam
581 3868 755 3920 conarentur
777 3859 928 3919 consolari.
969 3866 1095 3935 atquae
1120 3865 1188 3934 post
1207 3877 1233 3917 v.
1255 3867 1310 3918 348
1332 3859 1411 3917 dicit

278 3951 447 4024 Hermione,
467 3951 496 4009 In
517 3967 669 4026 vesperum
690 3956 830 4025 vergente
849 3949 897 4006 dte
918 3966 981 4009 eam
1000 3954 1079 4026 loqui
1099 3951 1281 4014 manifestum
1303 3958 1349 4010 est
1368 3967 1411 4009 er.
