3078 4654
554 369 766 430 ..91-

94 549 156 609 hoc
177 555 297 623 certum,
318 567 411 622 neque
431 550 582 624 Lennepii,
603 568 696 624 neque
716 551 844 610 Bekkeri
863 553 1017 612 lectionem
1037 570 1137 612 sanam
1157 570 1222 612 esse

94 659 212 716 posses
236 675 270 684 —
293 640 356 701 236
378 640 495 720 ἀοσιμὲν
509 644 555 717 Μ;
576 641 721 723 ὑπόδμητα
734 645 775 718 Μ,
795 637 950 707 alnttaeva
971 646 997 705 G
1017 652 1047 704 et
1069 645 1114 705 ed.
1134 645 1224 719 Porti,
1272 702 1289 708 -

95 731 249 813 ἐπίδμηται
264 736 303 809 Q3
323 734 490 812 φιλοξεινων
502 738 544 810 Μ,
565 735 740 813 φολοξείνων
754 738 787 809 83
811 738 964 815 ναετεᾴνων
978 739 1121 813 PSVW3
1142 735 1225 798 ἀναε·

96 848 196 906 τημονν
217 846 253 888 m.
273 846 317 902 pr.
339 831 368 888 in
390 830 429 902 Q,
453 847 490 888 m.
512 838 530 890 2
555 847 644 904 supra
669 851 722 908 τηρ
748 831 887 904 syllabam
914 829 968 889 κτύ
994 833 1122 906 addidit,
1147 834 1224 893 unde

94 923 203 996 Iulian,
225 925 274 995 qui
294 930 440 983 caeterum
459 931 540 983 recto
560 923 632 983 vidit
652 922 813 1001 αἰπύδμητα
834 923 955 1000 θύματα
974 923 1142 1001 φιλοξείνων
1163 945 1225 984 ναε-

95 1013 194 1092 τήρων
214 1017 285 1074 nihil
306 1016 386 1076 aliud
410 1033 475 1075 esse
502 1033 586 1089 quam
612 1017 722 1089 regiam
742 1017 872 1076 Menelai
898 1018 1029 1087 domum,
1054 1017 1227 1095 φιλαξείνοια

95 1104 234 1173 ἄνακτος
253 1107 346 1168 edidit
369 1109 511 1182 probante
533 1109 658 1170 Censore
678 1110 929 1184 Heidelbergensi.
971 1110 1029 1170 Sed
1050 1119 1130 1171 recte
1150 1113 1223 1171 Her-

95 1217 186 1260 mann
214 1218 242 1274 p.
265 1209 313 1261 18:
341 1202 404 1261 »vel
424 1209 560 1261 accentus
585 1208 746 1262 monstrare
771 1203 910 1277 debebat,
936 1206 1109 1279 scripturam
1137 1222 1223 1278 quam

97 1310 191 1368 supra
217 1295 362 1368 posuisset
386 1296 415 1353 in
441 1295 540 1355 codice
566 1296 616 1355 illo
641 1295 777 1355 librarius
802 1314 859 1356 non
885 1293 1011 1362 ἄνακτος
1035 1297 1139 1368 luisse,
1171 1299 1223 1357 sed

96 1383 296 1464 ἀνακτόρων.«
314 1420 348 1429 -
365 1385 426 1446 237
446 1386 567 1463 <impuro
580 1388 627 1460 M3
648 1407 777 1464 χειτονας
790 1390 836 1462 Μ;
857 1389 941 1466 νηοῦς
954 1390 1119 1463 ALNPQ,
1140 1391 1224 1467 νηούς

96 1485 131 1538 et
151 1477 235 1556 νηοὺς
255 1481 372 1539 iunctim
393 1480 443 1553 W,
465 1483 541 1558 νηοῖς
559 1482 601 1553 R3
622 1513 659 1524 -··
681 1481 743 1541 238
765 1479 871 1549 ἄστεος
890 1483 937 1555 Μ;
963 1482 1127 1559 διεμετρεεν
1151 1481 1224 1542 ἔνθα

94 1575 146 1645 Μ;
174 1573 262 1653 αὐτῆς
287 1575 368 1636 οούύ.
395 1581 425 1634 et
450 1576 515 1637 edd.
541 1592 654 1650 omues,
683 1583 763 1635 recte
788 1583 859 1650 puto
885 1577 922 1634 de
947 1577 1079 1635 Minerva
1106 1578 1223 1650 dictum,

95 1685 221 1740 quacum
244 1670 384 1742 negotioli
404 1670 514 1742 aliquid
528 1669 628 1728 Paridi
648 1668 753 1729 fuerat.
785 1669 938 1729 Caeterum
959 1668 994 1728 of.
1016 1669 1221 1729 Schneidemm

95 1779 129 1835 p.
147 1769 297 1821 140.141:
319 1762 425 1840 ναύτης
445 1762 514 1835 quid
530 1763 585 1822 sibi
604 1765 674 1822 velit
693 1780 776 1822 nemo
796 1763 882 1822 facile
903 1763 1016 1835 dixerit,
1043 1780 1130 1835 quum
1149 1765 1222 1823 nihil

98 1854 262 1926 excogitari
286 1855 378 1927 possit
403 1855 479 1926 quod
499 1855 648 1914 Minervae
668 1862 840 1928 opponatur.
882 1855 1082 1927 corrigendum
1107 1855 1223 1914 videtur

96 1945 205 2017 αὐτοῦ,
224 1948 291 2020 ibi,
312 1948 390 2020 quod
409 1955 475 2022 post
495 1943 567 2008 ἔνθα
587 1950 674 2008 simili
689 1951 802 2010 ratione
822 1949 935 2008 illatum
957 1955 1002 2007 est
1022 1965 1079 2021 qua
1093 1950 1122 2006 in
1137 1947 1221 2008 Hom.

95 2042 133 2100 Il.
155 2049 207 2112 23,
227 2044 283 2102 ott
310 2042 417 2114 legitur
442 2041 600 2118 κηδόμενος
623 2040 658 2100 δέ
682 2042 711 2098 οἱ
734 2039 853 2100 ἐνθάδ’
879 2037 999 2106 ἀολλέες
1024 2036 1108 2098 αὖθι
1124 2040 1223 2117 μενόν-

97 2154 167 2193 τανν.
198 2134 283 2194 Adde
304 2134 407 2207 Odyss.
430 2141 456 2208 5,
478 2142 542 2195 208.
562 2137 596 2194 ll.
617 2143 643 2208 8,
665 2138 729 2196 207.
760 2135 864 2208 Hymn.
885 2135 969 2195 Hom.
991 2135 1020 2193 in
1039 2136 1134 2208 Apoll.
1156 2136 1220 2193 373.

95 2228 194 2302 Apoll.
209 2227 303 2287 Rhod.
317 2234 344 2299 4,
360 2235 444 2287 289.«
476 2227 534 2287 Sed
553 2221 626 2286 ἔνθα
643 2226 697 2304 μὲν
711 2225 799 2285 αὐτοῦ
817 2244 880 2286 curo
902 2226 1024 2287 eodem
1041 2228 1123 2300 ipso
1144 2229 1221 2287 loco

97 2320 258 2394 significet,
283 2322 351 2379 huic
374 2324 437 2381 loeo
462 2338 563 2394 parum
590 2327 688 2396 aptum
714 2338 778 2380 esse
802 2321 923 2380 videtur.
964 2320 1061 2379 Etiam
1082 2321 1223 2380 Touruier

95 2433 127 2488 p.
150 2422 186 2474 31
208 2420 306 2472 tuetur
325 2415 476 2473 lectionem
497 2409 599 2492 αὐτῆς,
625 2429 688 2470 cum
707 2428 865 2486 pronomen
885 2409 973 2476 αὐτάς
994 2411 1114 2471 deorum
1135 2412 1223 2472 nomi·

95 2508 182 2567 nibus
210 2508 339 2567 additum
365 2509 480 2581 saepius
505 2508 677 2581 reperiatur.
718 2507 807 2566 Suum
836 2507 930 2564 tenuit
956 2505 1127 2578 Schneider,
1154 2523 1221 2564 rec.

95 2620 126 2675 p.
149 2609 214 2660 196.
236 2594 271 2642 '—
293 2598 356 2659 289
375 2599 505 2678 χρύσεον
524 2598 607 2660 codd.
628 2605 658 2659 et
678 2598 743 2658 edd.
763 2615 879 2666 omues,
905 2599 957 2657 sed
981 2599 1047 2656 vide
1068 2599 1221 2657 Schneide-

94 2710 162 2752 rum
181 2711 209 2766 p.
231 2699 286 2751 441
309 2694 358 2764 qui
382 2691 505 2752 fortasse
529 2697 610 2750 recte
631 2689 760 2769 χάλκεον
786 2692 926 2763 coniecit,
951 2692 1019 2762 quia
1047 2707 1151 2763 »quum
1176 2686 1221 2748 ἐν·

95 2785 225 2864 δαπύης
240 2782 358 2864 Ἀθήνης
378 2787 561 2845 simulacrum
586 2791 727 2844 memoret
747 2784 896 2844 Collutbus
916 2791 1050 2858 apertum
1072 2790 1132 2857 est,
1157 2801 1221 2844 eum

95 2895 238 2938 renovare
258 2881 384 2938 voluisse
403 2880 571 2939 memoriam
584 2879 735 2938 Minervae
756 2876 927 2957 Πολιούχου,
951 2894 1025 2950 quae
1046 2875 1222 2943 Χαλκίοικος

96 2974 187 3032 etiam
207 2973 373 3032 vocabatur.
403 2989 470 3032 nam
490 2980 522 3032 ut
542 2973 694 3045 templum,
722 2973 764 3032 ita
789 2974 901 3046 siguum
927 2973 988 3031 eius
1013 2971 1069 3030 fuit
1092 2970 1221 3050 χαλκοῦν

96 3065 146 3134 (ci.
168 3066 293 3126 Pausan.
314 3067 353 3124 Ill
369 3068 413 3139 17,
428 3068 467 3133 3).
504 3066 589 3128 Unde
609 3066 756 3126 suboritur
776 3067 901 3140 suspicio
923 3083 978 3126 uon
998 3063 1158 3144 χρύσεον
1178 3061 1222 3123 ἐν·

95 3157 199 3234 δοκοίης
218 3156 380 3237 θηεύμενος
404 3155 482 3223 εἶδος
504 3157 615 3237 Ἀθήνης
639 3167 756 3233 poetam
782 3160 947 3232 scripsisse,
973 3159 1026 3218 sed
1048 3157 1221 3236 χάλκεον,

98 3253 240 3311 historica
260 3268 344 3310 usum
362 3252 500 3325 prolepsi,
520 3259 553 3311 ut
568 3253 662 3312 solent
681 3259 795 3326 poetae.
826 3269 891 3310 nam
909 3268 1012 3310 revera
1025 3257 1093 3326 post
1105 3251 1223 3310 heroica

97 3346 215 3406 demum
229 3350 361 3417 tempora
371 3331 593 3404 Lacedaemonii
607 3346 755 3404 Minervae
766 3347 903 3419 templum
918 3345 1088 3418 signumque
1104 3361 1140 3405 ex
1153 3361 1222 3403 aere

94 3439 237 3499 iecerunt.
269 3435 304 3496 ci.
326 3437 451 3495 Pausan.
471 3438 491 3495 l.
504 3437 523 3496 1.
546 3444 575 3497 et
596 3438 687 3497 Curtii
707 3439 895 3512 Peloponnes.
917 3439 945 3496 ΙΙ
964 3456 993 3510 p.
1009 3440 1063 3496 227
1086 3445 1116 3497 et
1136 3446 1218 3498 313α

96 3533 268 3592 Schneideri
288 3533 481 3595 coniecturam
495 3533 606 3591 meritis
620 3534 754 3592 laudibus
772 3533 886 3594 ornavit
899 3532 1041 3597 Tournier
1061 3549 1088 3605 p.
1105 3541 1150 3606 31,
1173 3534 1222 3605 qui

96 3634 197 3686 tamen
217 3624 301 3684 addit
321 3626 409 3683 etiam
428 3626 561 3684 Nonnum
581 3627 611 3684 in
631 3626 753 3686 Veneris
773 3629 876 3686 statuis
901 3626 1087 3700 designandis
1109 3643 1221 3686 errasse

96 3724 126 3778 ot
149 3719 237 3778 Dion.
257 3718 365 3776 XXXV
388 3720 442 3778 lto
462 3717 569 3778 Veneri
593 3717 791 3798 κορυσσομένη
816 3719 969 3796 vellicetur
995 3718 1069 3778 falso
1093 3717 1222 3797 χάλκεον

95 3809 175 3878 εἶδος
194 3812 340 3871 tribuisse.
363 3843 398 3853 —
419 3807 536 3889 ἐνδαπιη
553 3810 601 3883 Μ;
622 3810 781 3890 θηεύμενος
795 3812 837 3881 M,
858 3811 1021 3890 θησάμενος
1037 3813 1076 3884 G,
1099 3846 1132 3855 -
1156 3811 1222 3872 240

95 3903 170 3963 ενθα
193 3906 240 3978 Μ;
269 3926 288 3962 κ
327 3902 404 3982 ἡνοιο
429 3906 475 3964 vel
498 3906 596 3979 potius
621 3904 778 3982 κορκύνοιο
804 3907 845 3964 Μ.
885 3907 982 3966 Verba
1007 3905 1089 3983 φίλον
1115 3905 1222 3983 κτένας

92 3995 266 4064 Ἀπόλλωνος
285 4017 365 4056 οκον
384 3996 556 4064 Ἀμυκλαίοιο
575 3998 680 4059 desunt
693 4001 723 4058 in
743 3999 826 4060 codd.
850 4000 921 4060 dett.
946 4007 976 4060 et
995 4001 1025 4058 in
1046 4001 1112 4059 edd.
1133 4001 1221 4060 omui·

95 4092 159 4167 bus,
181 4099 301 4167 praeter
320 4092 476 4153 secundam
491 4093 605 4153 Lebrsii
625 4093 790 4165 editionem,
811 4099 844 4152 nt
863 4094 987 4166 videtur,
1008 4109 1072 4151 cum
1092 4091 1221 4152 Bekkeri
