3092 4662
780 342 991 404 ..46-

443 526 516 593 Ζεὺς
535 526 569 586 δὲ
589 527 666 587 θεῶν
687 527 735 585 καὶ
755 530 849 593 νεῖκος
869 524 954 600 ἴδεν,
976 525 1024 583 καὶ
1043 526 1132 584 παῖδα
1151 527 1300 593 καλέσσας

447 657 478 664 -
599 657 632 665 --
674 655 710 666 -
752 656 785 664 -
850 655 859 662 -
959 619 1147 696 προσέννεπεν
1162 619 1321 696 Ἑρμάωνα.

322 749 386 790 nam
407 732 482 805 quod
505 731 580 789 θεῶν
601 733 795 806 praepositum
818 737 863 789 est
881 731 998 789 voculae
1015 731 1072 804 καί,
1094 731 1150 788 iam
1165 731 1291 790 Homero
1308 733 1444 790 usitatum

321 825 375 884 boc
393 826 547 899 hyperbati
568 843 658 899 genus
679 833 732 898 est,
753 842 808 896 qno
830 826 858 881 in
872 825 1008 882 oratione
1024 824 1184 897 bimembri,
1205 840 1279 895 quae
1294 827 1443 897 particulis

321 921 498 977 correlativis
525 919 656 988 καὶ-καί,
683 911 753 994 bb,
779 911 934 973 οὔτε-οὔτε
964 923 994 974 et
1019 917 1158 975 similibus
1186 919 1251 975 aliis
1283 920 1443 990 copulatur,
1519 912 1520 994 l

321 1014 408 1086 priori
429 1012 555 1072 membro
576 1018 793 1086 praeponuntur
813 1029 869 1070 non
890 1012 981 1070 solnm
1005 1027 1079 1082 quae
1099 1013 1215 1083 utrique
1229 1012 1357 1070 membro
1372 1028 1443 1070 com·
1519 999 1520 1002 ¹

321 1107 416 1163 munia
436 1113 511 1178 sunt,
531 1106 583 1164 sed
605 1107 691 1163 etiarn
720 1121 793 1176 quae
815 1105 851 1162 ad
874 1107 964 1163 solum
986 1105 1131 1177 pertinent
1151 1105 1277 1186 prius«.¹
1295 1104 1443 1162 Schnei-

321 1200 382 1258 der
401 1217 429 1272 p.
445 1207 509 1258 432.
541 1199 610 1257 Cum
637 1199 713 1272 apud
739 1199 838 1270 plures
852 1205 963 1271 poetas,
990 1206 1019 1256 et
1033 1201 1203 1270 praesertim
1220 1199 1297 1270 apud
1313 1199 1442 1256 Nonnum

321 1295 438 1365 eiusque
459 1298 617 1351 sectatores
637 1293 667 1349 in
687 1293 806 1350 secundi
827 1291 986 1350 hexametri
1012 1292 1093 1364 pedis
1120 1292 1195 1349 thesi
1215 1293 1302 1363 longa
1324 1291 1445 1350 vocabu·

319 1390 410 1449 lorum
431 1389 531 1446 ultima
551 1388 662 1459 syllaba
687 1403 840 1458 numquam
867 1386 963 1458 posita
985 1391 1071 1457 esset,
1099 1385 1220 1457 Hilberg
1246 1385 1287 1454 (in
1308 1385 1384 1442 libro
1404 1386 1445 1440 in-

320 1484 428 1555 scripto
448 1483 507 1540 Das
530 1481 647 1553 Princip
667 1480 719 1538 der
743 1480 977 1552 Silbenwagrmg.
1008 1479 1093 1536 Wien
1115 1480 1188 1538 1879
1202 1495 1229 1550 p.
1249 1481 1314 1550 106)
1344 1479 1445 1536 vitiosa

321 1577 407 1632 ctiam
428 1575 563 1648 synizesi:

358 1689 456 1748 θεάων
476 1690 550 1756 Ζεὺς
570 1689 597 1748 δ’
623 1688 680 1768 ἄρα
701 1694 796 1755 νεῖκος
815 1688 892 1762 ἰδών,
913 1688 945 1748 δν
966 1689 1052 1747 παῖδα
1074 1688 1222 1754 καλέσσας
1242 1692 1377 1749 coniecit.

321 1818 379 1877 Sed
392 1825 471 1877 recte
488 1819 634 1890 vulgatam
647 1835 704 1876 non
718 1817 883 1875 mutandam
898 1833 962 1875 esse
976 1818 1088 1877 censuit
1106 1817 1273 1878 Sobaindler
1287 1821 1305 1876 l.
1321 1820 1340 1875 l.
1357 1821 1394 1878 70
1409 1850 1444 1860 -

319 1911 548 1989 εσφεδρισσσντα
554 1912 595 1984 Μ,
605 1907 827 1989 ἐφηδρὴσσσντα
839 1911 873 1983 Α,
887 1907 1087 1988 ἐφεδρήσσντσ
1101 1910 1166 1969 edd.
1178 1918 1245 1970 ante
1258 1912 1368 1984 Steph,
1381 1909 1446 1968 ὑπσ-

319 2001 483 2084 δρῆσσσντα
503 2005 575 2064 coni.
598 2005 725 2078 Lenuep,
749 2013 799 2063 »ut
818 2006 856 2062 sit
877 2005 959 2075 quasi
986 2003 1062 2061 θεῶν
1088 2002 1228 2082 ὑπηρέτης
1248 2006 1444 2063 Mercurius«.

318 2101 350 2162 In
370 2100 446 2157 idem
467 2098 609 2156 inciderat
629 2097 774 2156 Hermann
795 2089 891 2170 p.12',
918 2097 966 2169 qui
986 2097 1163 2170 Lennepinm
1184 2098 1250 2158 ideo
1270 2105 1384 2156 tantum
1408 2100 1447 2155 vi·

319 2201 448 2266 tuperat,
475 2193 551 2263 quod
571 2192 625 2249 hoc
645 2190 784 2248 vocabulo
809 2187 904 2244 »θεῶν
925 2185 1062 2265 ὑπηρέτην
1090 2189 1244 2260 significari
1264 2191 1364 2249 uoluit¹
1406 2192 1446 2249 Aa

318 2303 411 2356 neque
425 2287 479 2343 boc
493 2285 677 2356 participium
695 2281 776 2353 fungi
790 2289 888 2354 potest
902 2281 1074 2339 substantivi
1089 2280 1191 2355 cilicio,
1212 2300 1266 2341 nec
1280 2287 1446 2356 praesentis

318 2377 500 2455 participium
521 2376 559 2434 ad
580 2393 615 2433 ea
634 2374 747 2447 referri,
768 2391 842 2446 quae
870 2373 998 2432 facturus
1021 2375 1059 2432 sit
1079 2375 1159 2432 iussn
1179 2377 1253 2434 Iovis
1272 2375 1446 2451 Mercurius,

318 2470 370 2529 sed
394 2468 521 2542 pertinet
545 2469 583 2526 ad
608 2484 816 2540 praegressum
848 2464 1011 2532 καλέσσαςε
1043 2469 1187 2526 vocanti
1218 2471 1315 2542 patri
1347 2471 1446 2530 dicto

319 2563 559 2624 audientem«.
591 2559 810 2640 ὑποδρήσσοντα
830 2561 920 2633 igitur
939 2561 1051 2634 recepit
1070 2561 1172 2619 Lehrs.
1203 2563 1297 2620 Aliter
1312 2561 1446 2623 Graeiins

318 2676 346 2735 p.
362 2665 417 2716 244
440 2657 481 2715 »si
501 2662 626 2730 negatur
639 2652 834 2733 ἐφεδρήσσειν
854 2653 1043 2712 assidendi
1063 2670 1158 2728 sensu,
1179 2656 1256 2727 quod
1269 2654 1332 2713 fieri
1346 2657 1445 2727 nolim,

200 2779 203 2786 ·
318 2752 472 2824 legendum
492 2748 615 2810 fortasse
635 2747 859 2828 ὑφεδρήσσσντσ
879 2748 915 2806 de
935 2748 1096 2820 Mercurio,
1117 2751 1147 2806 in
1166 2747 1296 2808 inferiori
1317 2751 1390 2823 loco,
1413 2756 1446 2808 ut

318 2847 480 2905 ministrum
512 2843 648 2914 decebat,
675 2843 802 2900 sedente.
849 2842 928 2899 idem
955 2843 1012 2900 alio
1038 2842 1126 2901 verbo
1153 2843 1269 2900 volebat
1293 2843 1444 2916 Lenuep.‹

317 2938 495 2996 Vocabulum
521 2940 549 2992 in
569 2936 761 3008 suspicionem
781 2935 906 2994 vocabat
927 2937 1014 2994 etiam
1037 2935 1168 3008 Bekker,
1195 2937 1274 2994 cuins
1300 2937 1374 2994 baec
1399 2943 1447 2996 est

318 3036 399 3089 uota:
433 3029 576 3101 »Vulgata
601 3027 682 3086 verbi
707 3025 799 3086 forma
821 3028 941 3086 Nonnus
968 3028 1060 3085 utitur
1087 3032 1151 3099 (ll,
1178 3031 1231 3086 127
1254 3032 1284 3085 et
1307 3037 1370 3088 148.
1397 3038 1445 3103 20,

304 3130 363 3183 ⁴36.
385 3130 431 3195 26,
452 3130 516 3182 332.
544 3129 596 3194 39,
617 3125 666 3191 91)
689 3121 772 3192 eique
794 3120 951 3190 insidendi,
978 3128 1010 3179 ut
1035 3139 1089 3194 par
1109 3127 1186 3194 erat,
1213 3139 1270 3180 non
1295 3123 1446 3180 assidendi

317 3222 491 3295 potestatem
512 3215 571 3273 dat.
593 3215 723 3273 assidere
747 3216 822 3272 enim
843 3219 888 3272 est
907 3211 1115 3290 παρεδρὴσσειν
1136 3221 1168 3283 9,
1196 3222 1277 3272 112«.
1319 3215 1380 3286 [ubi
1400 3221 1446 3272 ta-

227 3314 233 3342 ²
317 3328 382 3370 men
401 3326 477 3368 nunc
498 3325 533 3368 ex
546 3309 704 3367 Hermanni
730 3308 930 3366 emendatione
945 3304 1188 3384 ππραδρήσσουσα
1205 3307 1321 3382 editurl.
1353 3308 1445 3366 Tour-

317 3406 380 3465 nier
399 3423 427 3477 p.
450 3407 484 3462 17
505 3397 727 3479 ἐπεγρήσσσντα
752 3401 884 3473 coniecit,
910 3417 966 3472 quo
992 3400 1132 3459 vocabulo
1158 3401 1233 3457 sicut
1258 3401 1346 3459 etiam
1373 3419 1445 3462 voce

317 3494 520 3575 ἐπεγρηγορώς
546 3496 633 3556 animi
660 3494 765 3552 attenti
790 3493 932 3551 hominem
957 3497 1037 3550 recte
1063 3493 1210 3565 designari
1240 3499 1332 3566 putat.
1378 3496 1444 3568 Ego

317 3590 389 3646 nihil
408 3591 525 3657 mutavi,
547 3595 663 3662 poterat
684 3589 758 3646 enim
779 3583 954 3665 ἐφεδρήσσειν
976 3587 1124 3660 assidendi
1140 3586 1380 3660 significationem
1394 3590 1445 3648 ba·

316 3682 386 3740 berc
399 3700 455 3742 non
469 3685 554 3742 aliter
568 3691 655 3755 atque
669 3678 834 3758 ἐφεδρεύω.
842 3704 853 3752 ,·
867 3713 904 3724 -
918 3700 1107 3757 προσεννεπεν
1120 3681 1205 3754 MW,
1226 3678 1400 3757 προσέννεπε
1410 3684 1443 3756 Ρ,

316 3772 487 3851 προσένεπεν
502 3777 539 3848 Q,
565 3772 702 3852 ἐρράωνα
724 3773 801 3845 Mc;
825 3807 858 3816 -
886 3771 922 3832 71
942 3772 969 3830 εἰ
988 3793 1050 3829 τινα
1069 3793 1122 3829 που
1141 3774 1174 3832 M
1181 3794 1188 3845 3
1214 3773 1356 3850 παρῖδαῖσι
1380 3776 1445 3853 ρεέ·

317 3866 400 3944 δροις
413 3871 454 3942 Μ,
475 3871 550 3928 unde
567 3867 697 3928 Ἰδαίοισι
718 3864 774 3942 pro
781 3867 894 3926 Ἰδαίοιο
909 3869 1092 3928 scribendum
1109 3885 1172 3928 esse
1187 3868 1355 3926 dubitanter
1368 3871 1443 3929 coni.

317 3961 457 4020 Tournier
474 3966 569 4036 p.17.;
586 3963 686 4029 ῖδαίσις
701 3962 742 4034 G3
759 3993 793 4006 -·-
809 3960 849 4022 72
863 3960 953 4036 πάρον
966 3962 999 4019 M
1005 3981 1013 4033 3
1027 3963 1116 4022 verba
1130 3961 1179 4018 τὸν
1193 3959 1298 4038 ἀγλαὸν
1313 3959 1444 4040 ἡβητῆρα

317 4075 371 4117 om.
384 4057 426 4129 M,
441 4057 489 4128 qui
511 4073 609 4116 eorum
632 4058 696 4116 loco
712 4072 746 4114 ex
761 4056 910 4129 superiore
931 4071 1016 4113 versu
1035 4055 1175 4132 nmaideins
1191 4052 1330 4131 ρεέδροις
1342 4055 1441 4114 babet.
