<?xml version="1.0" encoding="UTF-8"?>
<!DOCTYPE html PUBLIC "-//W3C//DTD XHTML 1.0 Transitional//EN"
    "http://www.w3.org/TR/xhtml1/DTD/xhtml1-transitional.dtd">
<html xmlns="http://www.w3.org/1999/xhtml" xml:lang="en" lang="en">
 <head>
  <title>
</title>
<meta http-equiv="Content-Type" content="text/html;charset=utf-8" />
  <meta name='ocr-system' content='tesseract 3.04.00' />
  <meta name='ocr-capabilities' content='ocr_page ocr_carea ocr_par ocr_line ocrx_word'/>
</head>
<body>
  <div class='ocr_page' id='page_1' title='image "./colluthilycopol00collgoog_0071.png"; bbox 0 0 3092 4662; ppageno 0'>
   <div class='ocr_carea' id='block_1_1' title="bbox 622 256 835 318">
    <p class='ocr_par' dir='ltr' id='par_1_1' title="bbox 622 256 835 318">
     <span class='ocr_line' id='line_1_1' title="bbox 622 256 835 318; baseline -0.005 -16"><span class='ocrx_word' id='word_1_1' title='bbox 622 256 835 318; x_wconf 79' lang='lat'>...67-</span> 
     </span>
    </p>
   </div>
   <div class='ocr_carea' id='block_1_2' title="bbox 157 437 1292 1452">
    <p class='ocr_par' dir='ltr' id='par_1_2' title="bbox 157 437 1292 1452">
     <span class='ocr_line' id='line_1_2' title="bbox 160 437 1292 517; baseline 0.002 -18"><span class='ocrx_word' id='word_1_2' title='bbox 160 441 267 513; x_wconf 81' lang='lat' dir='ltr'>egcrit,</span> <span class='ocrx_word' id='word_1_3' title='bbox 286 441 359 499; x_wconf 86' lang='lat' dir='ltr'>loco.</span> <span class='ocrx_word' id='word_1_4' title='bbox 382 473 416 481; x_wconf 96' lang='lat'>—</span> <span class='ocrx_word' id='word_1_5' title='bbox 439 437 498 498; x_wconf 77' lang='lat' dir='ltr'>lae</span> <span class='ocrx_word' id='word_1_6' title='bbox 518 437 606 514; x_wconf 86' lang='grc' dir='ltr'><em>δεορο</em></span> <span class='ocrx_word' id='word_1_7' title='bbox 619 439 665 511; x_wconf 90' lang='grc' dir='ltr'>Μ;</span> <span class='ocrx_word' id='word_1_8' title='bbox 685 459 818 516; x_wconf 87' lang='grc' dir='ltr'><em>πριαμοιο</em></span> <span class='ocrx_word' id='word_1_9' title='bbox 832 441 878 512; x_wconf 91' lang='grc' dir='ltr'>Μ;</span> <span class='ocrx_word' id='word_1_10' title='bbox 898 460 1064 516; x_wconf 80' lang='grc' dir='ltr'><em>παράκοιτιν</em></span> <span class='ocrx_word' id='word_1_11' title='bbox 1079 442 1121 514; x_wconf 88' lang='grc' dir='ltr'>Μ,</span> <span class='ocrx_word' id='word_1_12' title='bbox 1139 441 1292 517; x_wconf 61' lang='lat' dir='ltr'>mptum</span> 
     </span>
     <span class='ocr_line' id='line_1_3' title="bbox 158 532 1291 610; baseline 0.004 -19"><span class='ocrx_word' id='word_1_13' title='bbox 158 533 200 605; x_wconf 83' lang='lat' dir='ltr'>P3</span> <span class='ocrx_word' id='word_1_14' title='bbox 220 550 321 592; x_wconf 86' lang='lat' dir='ltr'>versus</span> <span class='ocrx_word' id='word_1_15' title='bbox 336 541 391 594; x_wconf 83' lang='lat'>140</span> <span class='ocrx_word' id='word_1_16' title='bbox 399 567 426 575; x_wconf 87' lang='lat'>·-</span> <span class='ocrx_word' id='word_1_17' title='bbox 435 541 489 593; x_wconf 85' lang='grc'>143</span> <span class='ocrx_word' id='word_1_18' title='bbox 506 533 614 593; x_wconf 89' lang='lat' dir='ltr'>omittit</span> <span class='ocrx_word' id='word_1_19' title='bbox 625 532 659 590; x_wconf 90' lang='grc' dir='ltr'><strong>Μ</strong></span> <span class='ocrx_word' id='word_1_20' title='bbox 665 552 672 604; x_wconf 89' lang='grc'>;</span> <span class='ocrx_word' id='word_1_21' title='bbox 695 567 728 576; x_wconf 99' lang='grc'>-</span> <span class='ocrx_word' id='word_1_22' title='bbox 752 532 814 593; x_wconf 84' lang='grc'>140</span> <span class='ocrx_word' id='word_1_23' title='bbox 836 532 981 610; x_wconf 75' lang='grc' dir='ltr'><strong><em>ἀτιμάσας</em></strong></span> <span class='ocrx_word' id='word_1_24' title='bbox 1001 534 1054 595; x_wconf 84' lang='lat' dir='ltr'>GL</span> <span class='ocrx_word' id='word_1_25' title='bbox 1066 535 1224 608; x_wconf 76' lang='lat' dir='ltr'>nPosw</span> <span class='ocrx_word' id='word_1_26' title='bbox 1242 542 1291 608; x_wconf 85' lang='lat' dir='ltr'>(nn</span> 
     </span>
     <span class='ocr_line' id='line_1_4' title="bbox 158 623 1291 703; baseline 0.004 -19"><span class='ocrx_word' id='word_1_27' title='bbox 158 627 233 684; x_wconf 87' lang='lat' dir='ltr'>dett.</span> <span class='ocrx_word' id='word_1_28' title='bbox 249 624 379 696; x_wconf 64' lang='lat' dir='ltr'>omnent)</span> <span class='ocrx_word' id='word_1_29' title='bbox 399 629 441 682; x_wconf 80' lang='grc' dir='ltr'>ὀιι</span> <span class='ocrx_word' id='word_1_30' title='bbox 460 626 607 698; x_wconf 83' lang='lat' dir='ltr'>Portus3</span> <span class='ocrx_word' id='word_1_31' title='bbox 627 658 664 668; x_wconf 94' lang='lat'>—</span> <span class='ocrx_word' id='word_1_32' title='bbox 685 624 741 684; x_wconf 86' lang='lat'>141</span> <span class='ocrx_word' id='word_1_33' title='bbox 761 623 918 692; x_wconf 82' lang='grc' dir='ltr'><em>ἐπαινέσας</em></span> <span class='ocrx_word' id='word_1_34' title='bbox 939 627 1038 701; x_wconf 68' lang='lat' dir='ltr'>swa,</span> <span class='ocrx_word' id='word_1_35' title='bbox 1062 625 1244 694; x_wconf 86' lang='grc' dir='ltr'><em>ἐπαινεσειας</em></span> <span class='ocrx_word' id='word_1_36' title='bbox 1255 630 1291 703; x_wconf 80' lang='lat' dir='ltr'>V,</span> 
     </span>
     <span class='ocr_line' id='line_1_5' title="bbox 159 717 1290 799; baseline 0.003 -24"><span class='ocrx_word' id='word_1_37' title='bbox 159 717 362 785; x_wconf 83' lang='grc' dir='ltr'><em>ἐπαινέσσειιις</em></span> <span class='ocrx_word' id='word_1_38' title='bbox 374 724 401 793; x_wconf 81' lang='lat' dir='ltr'>t,</span> <span class='ocrx_word' id='word_1_39' title='bbox 421 717 603 799; x_wconf 73' lang='grc' dir='ltr'><em>ἐπαινήσειας</em></span> <span class='ocrx_word' id='word_1_40' title='bbox 617 721 703 778; x_wconf 87' lang='lat' dir='ltr'>etiam</span> <span class='ocrx_word' id='word_1_41' title='bbox 717 720 809 792; x_wconf 79' lang='lat' dir='ltr'><strong>PQR3</strong></span> <span class='ocrx_word' id='word_1_42' title='bbox 822 753 861 764; x_wconf 95' lang='lat'>—</span> <span class='ocrx_word' id='word_1_43' title='bbox 875 719 935 780; x_wconf 77' lang='lat'>142</span> <span class='ocrx_word' id='word_1_44' title='bbox 950 719 986 778; x_wconf 86' lang='grc' dir='ltr'>σέ</span> <span class='ocrx_word' id='word_1_45' title='bbox 997 722 1091 794; x_wconf 82' lang='lat' dir='ltr'>NPt,</span> <span class='ocrx_word' id='word_1_46' title='bbox 1112 721 1148 780; x_wconf 82' lang='grc' dir='ltr'>σὲ</span> <span class='ocrx_word' id='word_1_47' title='bbox 1161 722 1213 795; x_wconf 84' lang='lat' dir='ltr'>W3</span> <span class='ocrx_word' id='word_1_48' title='bbox 1234 742 1290 780; x_wconf 82' lang='grc' dir='ltr'><em>νισι·</em></span> 
     </span>
     <span class='ocr_line' id='line_1_6' title="bbox 157 809 1291 892; baseline 0.007 -23"><span class='ocrx_word' id='word_1_49' title='bbox 157 809 267 888; x_wconf 83' lang='grc' dir='ltr'><em>ρανέην</em></span> <span class='ocrx_word' id='word_1_50' title='bbox 286 813 352 870; x_wconf 87' lang='lat' dir='ltr'>Pm.</span> <span class='ocrx_word' id='word_1_51' title='bbox 361 820 386 885; x_wconf 90' lang='lat'>1,</span> <span class='ocrx_word' id='word_1_52' title='bbox 407 813 434 871; x_wconf 90' lang='lat' dir='ltr'>R</span> <span class='ocrx_word' id='word_1_53' title='bbox 455 819 485 871; x_wconf 90' lang='lat' dir='ltr'>et</span> <span class='ocrx_word' id='word_1_54' title='bbox 502 814 530 873; x_wconf 87' lang='lat' dir='ltr'>N</span> <span class='ocrx_word' id='word_1_55' title='bbox 551 818 618 872; x_wconf 89' lang='lat' dir='ltr'>ante</span> <span class='ocrx_word' id='word_1_56' title='bbox 639 829 722 885; x_wconf 78' lang='lat' dir='ltr'>corr,</span> <span class='ocrx_word' id='word_1_57' title='bbox 740 812 778 871; x_wconf 82' lang='lat' dir='ltr'>W</span> <span class='ocrx_word' id='word_1_58' title='bbox 797 818 864 886; x_wconf 88' lang='lat' dir='ltr'>post</span> <span class='ocrx_word' id='word_1_59' title='bbox 883 829 971 885; x_wconf 90' lang='lat' dir='ltr'>corr.;</span> <span class='ocrx_word' id='word_1_60' title='bbox 993 812 1041 870; x_wconf 74' lang='grc' dir='ltr'>καὶ</span> <span class='ocrx_word' id='word_1_61' title='bbox 1062 813 1205 892; x_wconf 80' lang='grc' dir='ltr'><em>πατρώϊον</em></span> <span class='ocrx_word' id='word_1_62' title='bbox 1219 819 1291 890; x_wconf 77' lang='lat' dir='ltr'>AQ3</span> 
     </span>
     <span class='ocr_line' id='line_1_7' title="bbox 163 903 1291 984; baseline 0.006 -22"><span class='ocrx_word' id='word_1_63' title='bbox 163 939 199 946; x_wconf 91' lang='lat'>—</span> <span class='ocrx_word' id='word_1_64' title='bbox 222 905 282 964; x_wconf 90' lang='lat'>144</span> <span class='ocrx_word' id='word_1_65' title='bbox 299 926 457 984; x_wconf 80' lang='grc' dir='ltr'><em>μῃποτεσοι</em></span> <span class='ocrx_word' id='word_1_66' title='bbox 469 908 517 978; x_wconf 88' lang='grc' dir='ltr'>Μ;</span> <span class='ocrx_word' id='word_1_67' title='bbox 537 904 707 983; x_wconf 79' lang='grc' dir='ltr'><em>ἐπιβρίσειεν</em></span> <span class='ocrx_word' id='word_1_68' title='bbox 726 924 763 965; x_wconf 83' lang='lat' dir='ltr'>ex</span> <span class='ocrx_word' id='word_1_69' title='bbox 779 903 958 983; x_wconf 80' lang='grc' dir='ltr'><em>ἐπιβρόσειεν</em></span> <span class='ocrx_word' id='word_1_70' title='bbox 972 907 1003 980; x_wconf 81' lang='lat' dir='ltr'>O,</span> <span class='ocrx_word' id='word_1_71' title='bbox 1030 904 1242 983; x_wconf 80' lang='grc' dir='ltr'><em>ἐπιβρίσειενύιό</em></span> <span class='ocrx_word' id='word_1_72' title='bbox 1256 913 1291 984; x_wconf 78' lang='lat' dir='ltr'>Q,</span> 
     </span>
     <span class='ocr_line' id='line_1_8' title="bbox 163 994 1288 1078; baseline 0.008 -25"><span class='ocrx_word' id='word_1_73' title='bbox 163 994 297 1074; x_wconf 83' lang='grc' dir='ltr'><em>ἐπιβρόεν</em></span> <span class='ocrx_word' id='word_1_74' title='bbox 311 999 389 1073; x_wconf 85' lang='lat' dir='ltr'>SW,</span> <span class='ocrx_word' id='word_1_75' title='bbox 409 997 534 1076; x_wconf 79' lang='grc' dir='ltr'><em>ἐπίβριεν</em></span> <span class='ocrx_word' id='word_1_76' title='bbox 547 1000 621 1072; x_wconf 84' lang='lat' dir='ltr'>NR,</span> <span class='ocrx_word' id='word_1_77' title='bbox 642 995 775 1076; x_wconf 81' lang='grc' dir='ltr'><em>ἐπιβροεν</em></span> <span class='ocrx_word' id='word_1_78' title='bbox 789 1000 822 1072; x_wconf 89' lang='lat' dir='ltr'>V,</span> <span class='ocrx_word' id='word_1_79' title='bbox 843 996 976 1076; x_wconf 79' lang='grc' dir='ltr'><em>ἐπιβρόεν</em></span> <span class='ocrx_word' id='word_1_80' title='bbox 997 1017 1032 1059; x_wconf 83' lang='lat' dir='ltr'>ex</span> <span class='ocrx_word' id='word_1_81' title='bbox 1054 997 1187 1078; x_wconf 65' lang='grc' dir='ltr'><em>ἐπιβροεν</em></span> <span class='ocrx_word' id='word_1_82' title='bbox 1201 1003 1239 1076; x_wconf 90' lang='grc' dir='ltr'>Ρ;</span> <span class='ocrx_word' id='word_1_83' title='bbox 1255 1037 1288 1046; x_wconf 90' lang='lat'><em>-</em></span> 
     </span>
     <span class='ocr_line' id='line_1_9' title="bbox 162 1089 1291 1170; baseline 0.009 -23"><span class='ocrx_word' id='word_1_84' title='bbox 162 1089 223 1149; x_wconf 80' lang='lat'>146</span> <span class='ocrx_word' id='word_1_85' title='bbox 243 1091 344 1149; x_wconf 72' lang='lat' dir='ltr'>asedec</span> <span class='ocrx_word' id='word_1_86' title='bbox 365 1113 414 1149; x_wconf 90' lang='grc' dir='ltr'>και</span> <span class='ocrx_word' id='word_1_87' title='bbox 433 1091 592 1163; x_wconf 79' lang='grc' dir='ltr'><em>πτολέμους</em></span> <span class='ocrx_word' id='word_1_88' title='bbox 611 1111 644 1148; x_wconf 88' lang='grc' dir='ltr'>τε</span> <span class='ocrx_word' id='word_1_89' title='bbox 664 1113 712 1148; x_wconf 88' lang='grc' dir='ltr'>και</span> <span class='ocrx_word' id='word_1_90' title='bbox 731 1111 849 1170; x_wconf 80' lang='grc' dir='ltr'><em>ῃνορεῃν</em></span> <span class='ocrx_word' id='word_1_91' title='bbox 870 1112 906 1150; x_wconf 89' lang='grc' dir='ltr'>σε</span> <span class='ocrx_word' id='word_1_92' title='bbox 919 1094 965 1164; x_wconf 89' lang='grc' dir='ltr'>Μ;</span> <span class='ocrx_word' id='word_1_93' title='bbox 986 1112 1018 1150; x_wconf 88' lang='grc' dir='ltr'>τε</span> <span class='ocrx_word' id='word_1_94' title='bbox 1031 1111 1086 1153; x_wconf 88' lang='lat' dir='ltr'>om.</span> <span class='ocrx_word' id='word_1_95' title='bbox 1102 1095 1133 1167; x_wconf 83' lang='lat' dir='ltr'>G,</span> <span class='ocrx_word' id='word_1_96' title='bbox 1153 1095 1209 1152; x_wconf 85' lang='grc' dir='ltr'>καί</span> <span class='ocrx_word' id='word_1_97' title='bbox 1224 1103 1291 1170; x_wconf 83' lang='lat' dir='ltr'>post</span> 
     </span>
     <span class='ocr_line' id='line_1_10' title="bbox 164 1185 1289 1261; baseline 0.01 -23"><span class='ocrx_word' id='word_1_98' title='bbox 164 1201 198 1238; x_wconf 87' lang='grc' dir='ltr'>τε</span> <span class='ocrx_word' id='word_1_99' title='bbox 218 1199 274 1241; x_wconf 84' lang='grc' dir='ltr'><em>οαι.</em></span> <span class='ocrx_word' id='word_1_100' title='bbox 296 1185 324 1242; x_wconf 88' lang='lat' dir='ltr'>S.</span> <span class='ocrx_word' id='word_1_101' title='bbox 350 1185 461 1244; x_wconf 79' lang='lat' dir='ltr'>»Nonni</span> <span class='ocrx_word' id='word_1_102' title='bbox 482 1192 657 1246; x_wconf 88' lang='lat' dir='ltr'>sectatorum</span> <span class='ocrx_word' id='word_1_103' title='bbox 676 1187 758 1244; x_wconf 89' lang='lat' dir='ltr'>stilus</span> <span class='ocrx_word' id='word_1_104' title='bbox 779 1186 866 1245; x_wconf 85' lang='lat' dir='ltr'><strong>scribi</strong></span> <span class='ocrx_word' id='word_1_105' title='bbox 885 1186 983 1245; x_wconf 71' lang='lat' dir='ltr'>iubet«</span> <span class='ocrx_word' id='word_1_106' title='bbox 1006 1206 1040 1244; x_wconf 85' lang='grc' dir='ltr'>σε</span> <span class='ocrx_word' id='word_1_107' title='bbox 1059 1205 1112 1260; x_wconf 92' lang='lat' dir='ltr'>pro</span> <span class='ocrx_word' id='word_1_108' title='bbox 1133 1207 1174 1261; x_wconf 82' lang='grc' dir='ltr'>τε,</span> <span class='ocrx_word' id='word_1_109' title='bbox 1195 1190 1289 1249; x_wconf 85' lang='lat' dir='ltr'>iudice</span> 
     </span>
     <span class='ocr_line' id='line_1_11' title="bbox 163 1276 1290 1359; baseline 0.008 -26"><span class='ocrx_word' id='word_1_110' title='bbox 163 1276 329 1335; x_wconf 81' lang='lat' dir='ltr'>Hermanno</span> <span class='ocrx_word' id='word_1_111' title='bbox 352 1294 381 1349; x_wconf 89' lang='lat' dir='ltr'>p.</span> <span class='ocrx_word' id='word_1_112' title='bbox 397 1284 446 1349; x_wconf 90' lang='grc'>16;</span> <span class='ocrx_word' id='word_1_113' title='bbox 472 1285 502 1336; x_wconf 91' lang='lat' dir='ltr'>et</span> <span class='ocrx_word' id='word_1_114' title='bbox 521 1285 637 1337; x_wconf 86' lang='lat' dir='ltr'>secutus</span> <span class='ocrx_word' id='word_1_115' title='bbox 658 1285 703 1336; x_wconf 87' lang='lat' dir='ltr'>est</span> <span class='ocrx_word' id='word_1_116' title='bbox 722 1278 823 1337; x_wconf 90' lang='lat' dir='ltr'>Lehrs.</span> <span class='ocrx_word' id='word_1_117' title='bbox 848 1311 885 1322; x_wconf 93' lang='grc'>-</span> <span class='ocrx_word' id='word_1_118' title='bbox 907 1277 967 1339; x_wconf 83' lang='grc'>146</span> <span class='ocrx_word' id='word_1_119' title='bbox 988 1278 1102 1355; x_wconf 84' lang='grc' dir='ltr'><em>ωσῃμὲν</em></span> <span class='ocrx_word' id='word_1_120' title='bbox 1122 1281 1169 1352; x_wconf 85' lang='grc' dir='ltr'>Μ;</span> <span class='ocrx_word' id='word_1_121' title='bbox 1198 1278 1290 1359; x_wconf 61' lang='lat' dir='ltr'>dego</span> 
     </span>
     <span class='ocr_line' id='line_1_12' title="bbox 162 1367 1289 1452; baseline 0.004 -24"><span class='ocrx_word' id='word_1_122' title='bbox 162 1372 275 1442; x_wconf 83' lang='lat' dir='ltr'>scripsi,</span> <span class='ocrx_word' id='word_1_123' title='bbox 296 1367 313 1447; x_wconf 72' lang='grc' dir='ltr'><em>ῃ</em></span> <span class='ocrx_word' id='word_1_124' title='bbox 334 1372 417 1431; x_wconf 90' lang='lat' dir='ltr'>codd.</span> <span class='ocrx_word' id='word_1_125' title='bbox 431 1374 494 1431; x_wconf 89' lang='lat' dir='ltr'>reli.</span> <span class='ocrx_word' id='word_1_126' title='bbox 510 1381 540 1431; x_wconf 89' lang='lat' dir='ltr'>et</span> <span class='ocrx_word' id='word_1_127' title='bbox 558 1373 639 1444; x_wconf 87' lang='lat' dir='ltr'>edd.;</span> <span class='ocrx_word' id='word_1_128' title='bbox 660 1370 751 1452; x_wconf 74' lang='grc' dir='ltr'><em>αθὴνῃ</em></span> <span class='ocrx_word' id='word_1_129' title='bbox 765 1374 811 1446; x_wconf 90' lang='grc' dir='ltr'>Μ;</span> <span class='ocrx_word' id='word_1_130' title='bbox 834 1405 868 1416; x_wconf 83' lang='grc'><strong>-</strong></span> <span class='ocrx_word' id='word_1_131' title='bbox 890 1373 949 1434; x_wconf 85' lang='grc'>147</span> <span class='ocrx_word' id='word_1_132' title='bbox 969 1371 1062 1431; x_wconf 85' lang='grc' dir='ltr'><em>τοιάδ’</em></span> <span class='ocrx_word' id='word_1_133' title='bbox 1085 1373 1237 1452; x_wconf 78' lang='grc' dir='ltr'><em>ὑποβλίδῃν</em></span> <span class='ocrx_word' id='word_1_134' title='bbox 1250 1377 1289 1449; x_wconf 75' lang='lat' dir='ltr'>Q3</span> 
     </span>
    </p>
   </div>
   <div class='ocr_carea' id='block_1_3' title="bbox 163 1465 1289 1945">
    <p class='ocr_par' dir='ltr' id='par_1_3' title="bbox 163 1465 1289 1945">
     <span class='ocr_line' id='line_1_13' title="bbox 163 1465 1288 1578; baseline 0.005 -24"><span class='ocrx_word' id='word_1_135' title='bbox 163 1498 323 1576; x_wconf 71' lang='grc' dir='ltr'><em>ιπιριῃιῃ</em></span> <span class='ocrx_word' id='word_1_136' title='bbox 344 1499 390 1570; x_wconf 85' lang='grc' dir='ltr'>Μ;</span> <span class='ocrx_word' id='word_1_137' title='bbox 411 1465 494 1556; x_wconf 74' lang='grc' dir='ltr'>ειιιέ</span> <span class='ocrx_word' id='word_1_138' title='bbox 509 1502 542 1572; x_wconf 81' lang='lat' dir='ltr'>o,</span> <span class='ocrx_word' id='word_1_139' title='bbox 557 1517 630 1559; x_wconf 76' lang='lat' dir='ltr'>corr.</span> <span class='ocrx_word' id='word_1_140' title='bbox 645 1501 740 1572; x_wconf 74' lang='lat' dir='ltr'>gloss,</span> <span class='ocrx_word' id='word_1_141' title='bbox 762 1495 860 1558; x_wconf 64' lang='grc' dir='ltr'><em>ἔννεπε</em></span> <span class='ocrx_word' id='word_1_142' title='bbox 877 1501 916 1573; x_wconf 79' lang='grc' dir='ltr'>Ρ;</span> <span class='ocrx_word' id='word_1_143' title='bbox 937 1534 971 1542; x_wconf 86' lang='grc'>-</span> <span class='ocrx_word' id='word_1_144' title='bbox 994 1500 1052 1560; x_wconf 78' lang='grc' dir='ltr'>ιαο</span> <span class='ocrx_word' id='word_1_145' title='bbox 1073 1501 1100 1558; x_wconf 71' lang='grc' dir='ltr'>ει</span> <span class='ocrx_word' id='word_1_146' title='bbox 1114 1522 1153 1578; x_wconf 71' lang='grc' dir='ltr'>με</span> <span class='ocrx_word' id='word_1_147' title='bbox 1174 1508 1203 1562; x_wconf 85' lang='lat' dir='ltr'>et</span> <span class='ocrx_word' id='word_1_148' title='bbox 1222 1523 1288 1578; x_wconf 74' lang='grc' dir='ltr'><em>ιρι-</em></span> 
     </span>
     <span class='ocr_line' id='line_1_14' title="bbox 164 1587 1288 1672; baseline 0.004 -24"><span class='ocrx_word' id='word_1_149' title='bbox 164 1611 344 1668; x_wconf 88' lang='grc' dir='ltr'><em>φερεστερον</em></span> <span class='ocrx_word' id='word_1_150' title='bbox 365 1587 449 1668; x_wconf 86' lang='grc' dir='ltr'><em>ἔρνος</em></span> <span class='ocrx_word' id='word_1_151' title='bbox 470 1590 599 1671; x_wconf 81' lang='grc' dir='ltr'><em>ὀπάσσῃς</em></span> <span class='ocrx_word' id='word_1_152' title='bbox 619 1594 664 1665; x_wconf 93' lang='grc' dir='ltr'>Μ;</span> <span class='ocrx_word' id='word_1_153' title='bbox 693 1589 779 1670; x_wconf 79' lang='grc' dir='ltr'><em>ἔρνος</em></span> <span class='ocrx_word' id='word_1_154' title='bbox 797 1594 910 1666; x_wconf 81' lang='lat' dir='ltr'>PQW3</span> <span class='ocrx_word' id='word_1_155' title='bbox 936 1591 969 1649; x_wconf 77' lang='grc' dir='ltr'>εἴ</span> <span class='ocrx_word' id='word_1_156' title='bbox 978 1613 1016 1668; x_wconf 85' lang='grc' dir='ltr'>με</span> <span class='ocrx_word' id='word_1_157' title='bbox 1036 1592 1198 1670; x_wconf 77' lang='grc' dir='ltr'><em>διακρίνας,</em></span> <span class='ocrx_word' id='word_1_158' title='bbox 1222 1615 1288 1672; x_wconf 83' lang='grc' dir='ltr'><em>προ·</em></span> 
     </span>
     <span class='ocr_line' id='line_1_15' title="bbox 163 1680 1288 1764; baseline 0.006 -24"><span class='ocrx_word' id='word_1_159' title='bbox 163 1681 343 1761; x_wconf 85' lang='grc' dir='ltr'><em>φερέστερον</em></span> <span class='ocrx_word' id='word_1_160' title='bbox 364 1680 453 1763; x_wconf 77' lang='grc' dir='ltr'><em>εὖχος</em></span> <span class='ocrx_word' id='word_1_161' title='bbox 472 1683 602 1764; x_wconf 86' lang='grc' dir='ltr'><em>ὀπάσσῃς</em></span> <span class='ocrx_word' id='word_1_162' title='bbox 621 1687 693 1746; x_wconf 88' lang='lat' dir='ltr'>coni.</span> <span class='ocrx_word' id='word_1_163' title='bbox 715 1686 844 1744; x_wconf 88' lang='lat' dir='ltr'>Piarson.</span> <span class='ocrx_word' id='word_1_164' title='bbox 863 1687 996 1745; x_wconf 87' lang='lat' dir='ltr'>Verisim.</span> <span class='ocrx_word' id='word_1_165' title='bbox 1016 1705 1045 1759; x_wconf 88' lang='lat' dir='ltr'>p.</span> <span class='ocrx_word' id='word_1_166' title='bbox 1062 1689 1125 1759; x_wconf 76' lang='grc'>257,</span> <span class='ocrx_word' id='word_1_167' title='bbox 1147 1687 1288 1761; x_wconf 80' lang='lat' dir='ltr'>probante</span> 
     </span>
     <span class='ocr_line' id='line_1_16' title="bbox 163 1775 1288 1858; baseline 0.004 -25"><span class='ocrx_word' id='word_1_168' title='bbox 163 1775 312 1834; x_wconf 88' lang='lat' dir='ltr'>Harlesio.</span> <span class='ocrx_word' id='word_1_169' title='bbox 348 1776 474 1847; x_wconf 78' lang='lat' dir='ltr'>Comma,</span> <span class='ocrx_word' id='word_1_170' title='bbox 495 1777 571 1848; x_wconf 88' lang='lat' dir='ltr'>quod</span> <span class='ocrx_word' id='word_1_171' title='bbox 592 1778 677 1848; x_wconf 84' lang='lat' dir='ltr'>vulgo</span> <span class='ocrx_word' id='word_1_172' title='bbox 697 1783 764 1850; x_wconf 89' lang='lat' dir='ltr'>post</span> <span class='ocrx_word' id='word_1_173' title='bbox 784 1777 935 1854; x_wconf 75' lang='grc' dir='ltr'><em>διάκρινον</em></span> <span class='ocrx_word' id='word_1_174' title='bbox 956 1779 1115 1851; x_wconf 83' lang='lat' dir='ltr'>legebatur,</span> <span class='ocrx_word' id='word_1_175' title='bbox 1136 1787 1203 1852; x_wconf 89' lang='lat' dir='ltr'>post</span> <span class='ocrx_word' id='word_1_176' title='bbox 1221 1803 1288 1858; x_wconf 84' lang='grc' dir='ltr'><em>πριι-</em></span> 
     </span>
     <span class='ocr_line' id='line_1_17' title="bbox 164 1859 1289 1945; baseline 0.008 -21"><span class='ocrx_word' id='word_1_177' title='bbox 164 1859 343 1945; x_wconf 80' lang='grc' dir='ltr'><em>φερέστερον</em></span> <span class='ocrx_word' id='word_1_178' title='bbox 365 1871 543 1942; x_wconf 77' lang='lat' dir='ltr'>transposuit</span> <span class='ocrx_word' id='word_1_179' title='bbox 557 1886 574 1928; x_wconf 89' lang='lat' dir='ltr'>a</span> <span class='ocrx_word' id='word_1_180' title='bbox 587 1869 709 1928; x_wconf 88' lang='lat' dir='ltr'>Lehrsio</span> <span class='ocrx_word' id='word_1_181' title='bbox 729 1878 846 1930; x_wconf 88' lang='lat' dir='ltr'>secutus</span> <span class='ocrx_word' id='word_1_182' title='bbox 860 1871 1007 1929; x_wconf 85' lang='lat' dir='ltr'>Hermann</span> <span class='ocrx_word' id='word_1_183' title='bbox 1026 1890 1055 1945; x_wconf 91' lang='lat' dir='ltr'>p.</span> <span class='ocrx_word' id='word_1_184' title='bbox 1072 1880 1117 1944; x_wconf 83' lang='lat'>16,</span> <span class='ocrx_word' id='word_1_185' title='bbox 1138 1876 1187 1945; x_wconf 92' lang='lat' dir='ltr'>qui</span> <span class='ocrx_word' id='word_1_186' title='bbox 1207 1875 1289 1934; x_wconf 83' lang='lat' dir='ltr'>addit</span> 
     </span>
    </p>
   </div>
   <div class='ocr_carea' id='block_1_4' title="bbox 162 1959 1288 2332">
    <p class='ocr_par' dir='ltr' id='par_1_4' title="bbox 162 1959 1288 2332">
     <span class='ocr_line' id='line_1_18' title="bbox 166 1959 1288 2042; baseline 0.008 -28"><span class='ocrx_word' id='word_1_187' title='bbox 166 1963 275 2020; x_wconf 79' lang='lat' dir='ltr'>»Immo</span> <span class='ocrx_word' id='word_1_188' title='bbox 302 1960 330 2017; x_wconf 87' lang='grc' dir='ltr'>εἰ</span> <span class='ocrx_word' id='word_1_189' title='bbox 349 1959 402 2037; x_wconf 83' lang='grc' dir='ltr'>μέ,</span> <span class='ocrx_word' id='word_1_190' title='bbox 427 1963 558 2034; x_wconf 82' lang='lat' dir='ltr'>inquiant</span> <span class='ocrx_word' id='word_1_191' title='bbox 582 1964 631 2034; x_wconf 87' lang='lat' dir='ltr'>qui</span> <span class='ocrx_word' id='word_1_192' title='bbox 658 1964 735 2036; x_wconf 92' lang='lat' dir='ltr'>apud</span> <span class='ocrx_word' id='word_1_193' title='bbox 760 1962 989 2038; x_wconf 83' lang='lat' dir='ltr'>Tryphiodorum</span> <span class='ocrx_word' id='word_1_194' title='bbox 1015 1981 1031 2024; x_wconf 89' lang='lat' dir='ltr'>e</span> <span class='ocrx_word' id='word_1_195' title='bbox 1057 1983 1082 2025; x_wconf 89' lang='lat' dir='ltr'>v.</span> <span class='ocrx_word' id='word_1_196' title='bbox 1098 1973 1152 2025; x_wconf 86' lang='lat'>405</span> <span class='ocrx_word' id='word_1_197' title='bbox 1175 1966 1214 2042; x_wconf 82' lang='grc' dir='ltr'><em>ρὲ</em></span> <span class='ocrx_word' id='word_1_198' title='bbox 1239 1967 1288 2024; x_wconf 74' lang='grc' dir='ltr'>καὶ</span> 
     </span>
     <span class='ocr_line' id='line_1_19' title="bbox 162 2049 1288 2132; baseline 0.007 -22"><span class='ocrx_word' id='word_1_199' title='bbox 162 2049 267 2132; x_wconf 78' lang='grc' dir='ltr'><em>αὐτήν,</em></span> <span class='ocrx_word' id='word_1_200' title='bbox 294 2054 408 2125; x_wconf 85' lang='lat' dir='ltr'>aliaque</span> <span class='ocrx_word' id='word_1_201' title='bbox 430 2055 499 2112; x_wconf 90' lang='lat' dir='ltr'>alibi</span> <span class='ocrx_word' id='word_1_202' title='bbox 518 2057 623 2114; x_wconf 88' lang='lat' dir='ltr'>similia</span> <span class='ocrx_word' id='word_1_203' title='bbox 642 2057 851 2130; x_wconf 89' lang='lat' dir='ltr'>procudcrunt,</span> <span class='ocrx_word' id='word_1_204' title='bbox 879 2073 954 2129; x_wconf 87' lang='lat' dir='ltr'>quaa</span> <span class='ocrx_word' id='word_1_205' title='bbox 974 2057 1057 2116; x_wconf 94' lang='lat' dir='ltr'>nobis</span> <span class='ocrx_word' id='word_1_206' title='bbox 1076 2076 1133 2118; x_wconf 93' lang='lat' dir='ltr'>non</span> <span class='ocrx_word' id='word_1_207' title='bbox 1154 2061 1288 2119; x_wconf 87' lang='lat' dir='ltr'>videntur</span> 
     </span>
     <span class='ocr_line' id='line_1_20' title="bbox 164 2145 1287 2229; baseline 0.003 -21"><span class='ocrx_word' id='word_1_208' title='bbox 164 2166 298 2208; x_wconf 86' lang='lat' dir='ltr'>essenon</span> <span class='ocrx_word' id='word_1_209' title='bbox 312 2151 476 2223; x_wconf 87' lang='lat' dir='ltr'>appetentis</span> <span class='ocrx_word' id='word_1_210' title='bbox 491 2152 731 2211; x_wconf 86' lang='lat' dir='ltr'>soloecismorum.</span> <span class='ocrx_word' id='word_1_211' title='bbox 749 2146 826 2228; x_wconf 64' lang='lat' dir='ltr'>&#39;Hp&#39;</span> <span class='ocrx_word' id='word_1_212' title='bbox 844 2148 965 2225; x_wconf 81' lang='grc' dir='ltr'><em>ἀνάειρ’,</em></span> <span class='ocrx_word' id='word_1_213' title='bbox 980 2145 1066 2229; x_wconf 61' lang='lat' dir='ltr'>atyn</span> <span class='ocrx_word' id='word_1_214' title='bbox 1081 2149 1144 2209; x_wconf 86' lang='grc' dir='ltr'><em>σέι.</em></span> <span class='ocrx_word' id='word_1_215' title='bbox 1167 2153 1287 2212; x_wconf 87' lang='lat' dir='ltr'>Secutus</span> 
     </span>
     <span class='ocr_line' id='line_1_21' title="bbox 164 2242 1286 2332; baseline 0.004 -32"><span class='ocrx_word' id='word_1_216' title='bbox 164 2248 209 2301; x_wconf 86' lang='lat' dir='ltr'>est</span> <span class='ocrx_word' id='word_1_217' title='bbox 236 2242 338 2300; x_wconf 89' lang='lat' dir='ltr'>Lehrs.</span> <span class='ocrx_word' id='word_1_218' title='bbox 382 2244 537 2318; x_wconf 70' lang='lat' dir='ltr'>vulgatam</span> <span class='ocrx_word' id='word_1_219' title='bbox 564 2245 833 2332; x_wconf 61' lang='lat' dir='ltr'>interpunctionemv</span> <span class='ocrx_word' id='word_1_220' title='bbox 849 2246 898 2317; x_wconf 91' lang='lat' dir='ltr'>qui</span> <span class='ocrx_word' id='word_1_221' title='bbox 923 2251 951 2303; x_wconf 90' lang='lat' dir='ltr'>et</span> <span class='ocrx_word' id='word_1_222' title='bbox 976 2246 1039 2317; x_wconf 87' lang='lat' dir='ltr'>ipsa</span> <span class='ocrx_word' id='word_1_223' title='bbox 1064 2246 1195 2304; x_wconf 78' lang='lat' dir='ltr'>vitiosam</span> <span class='ocrx_word' id='word_1_224' title='bbox 1223 2261 1286 2305; x_wconf 89' lang='lat' dir='ltr'>esse</span> 
     </span>
    </p>
   </div>
   <div class='ocr_carea' id='block_1_5' title="bbox 161 2333 1287 3331">
    <p class='ocr_par' dir='ltr' id='par_1_5' title="bbox 161 2333 1287 3331">
     <span class='ocr_line' id='line_1_22' title="bbox 163 2333 1286 2413; baseline 0.002 -17"><span class='ocrx_word' id='word_1_225' title='bbox 163 2338 264 2410; x_wconf 85' lang='lat' dir='ltr'>sensit,</span> <span class='ocrx_word' id='word_1_226' title='bbox 283 2337 405 2410; x_wconf 88' lang='lat' dir='ltr'>Lennep</span> <span class='ocrx_word' id='word_1_227' title='bbox 426 2335 504 2403; x_wconf 77' lang='grc' dir='ltr'><em>εἶδος</em></span> <span class='ocrx_word' id='word_1_228' title='bbox 524 2355 577 2412; x_wconf 90' lang='lat' dir='ltr'>pro</span> <span class='ocrx_word' id='word_1_229' title='bbox 598 2333 682 2413; x_wconf 86' lang='grc' dir='ltr'><em>ἔρνος</em></span> <span class='ocrx_word' id='word_1_230' title='bbox 702 2339 788 2396; x_wconf 84' lang='lat' dir='ltr'>scribi</span> <span class='ocrx_word' id='word_1_231' title='bbox 807 2339 900 2408; x_wconf 89' lang='lat' dir='ltr'>iussit,</span> <span class='ocrx_word' id='word_1_232' title='bbox 921 2339 1099 2411; x_wconf 87' lang='lat' dir='ltr'>improbatus</span> <span class='ocrx_word' id='word_1_233' title='bbox 1114 2338 1150 2397; x_wconf 87' lang='lat' dir='ltr'>ab</span> <span class='ocrx_word' id='word_1_234' title='bbox 1166 2339 1286 2412; x_wconf 87' lang='lat' dir='ltr'>Iuliano,</span> 
     </span>
     <span class='ocr_line' id='line_1_23' title="bbox 163 2429 1285 2504; baseline 0.004 -17"><span class='ocrx_word' id='word_1_235' title='bbox 163 2431 213 2502; x_wconf 89' lang='lat' dir='ltr'>qui</span> <span class='ocrx_word' id='word_1_236' title='bbox 235 2446 323 2500; x_wconf 82' lang='lat' dir='ltr'>aegre</span> <span class='ocrx_word' id='word_1_237' title='bbox 343 2432 426 2501; x_wconf 88' lang='lat' dir='ltr'>tulit,</span> <span class='ocrx_word' id='word_1_238' title='bbox 457 2431 533 2502; x_wconf 93' lang='lat' dir='ltr'>quod</span> <span class='ocrx_word' id='word_1_239' title='bbox 558 2432 588 2489; x_wconf 93' lang='lat' dir='ltr'>in</span> <span class='ocrx_word' id='word_1_240' title='bbox 607 2431 748 2504; x_wconf 90' lang='lat' dir='ltr'>Lennepii</span> <span class='ocrx_word' id='word_1_241' title='bbox 772 2432 896 2490; x_wconf 88' lang='lat' dir='ltr'>lectione</span> <span class='ocrx_word' id='word_1_242' title='bbox 921 2429 997 2487; x_wconf 83' lang='grc' dir='ltr'><em>κατὰ</em></span> <span class='ocrx_word' id='word_1_243' title='bbox 1022 2439 1088 2504; x_wconf 90' lang='lat' dir='ltr'>post</span> <span class='ocrx_word' id='word_1_244' title='bbox 1112 2432 1285 2492; x_wconf 83' lang='lat' dir='ltr'>adieetivnm</span> 
     </span>
     <span class='ocr_line' id='line_1_24' title="bbox 165 2523 1287 2603; baseline 0.001 -20"><span class='ocrx_word' id='word_1_245' title='bbox 165 2524 440 2597; x_wconf 80' lang='lat' dir='ltr'>subintelligendum</span> <span class='ocrx_word' id='word_1_246' title='bbox 460 2532 517 2598; x_wconf 88' lang='lat' dir='ltr'>cst,</span> <span class='ocrx_word' id='word_1_247' title='bbox 544 2529 574 2583; x_wconf 89' lang='lat' dir='ltr'>et</span> <span class='ocrx_word' id='word_1_248' title='bbox 593 2523 722 2603; x_wconf 82' lang='grc' dir='ltr'><em>ὀπάσσῃς</em></span> <span class='ocrx_word' id='word_1_249' title='bbox 747 2526 808 2582; x_wconf 88' lang='lat' dir='ltr'>sine</span> <span class='ocrx_word' id='word_1_250' title='bbox 828 2525 941 2584; x_wconf 90' lang='lat' dir='ltr'>obiecto</span> <span class='ocrx_word' id='word_1_251' title='bbox 961 2530 1106 2596; x_wconf 87' lang='lat' dir='ltr'>remanet;</span> <span class='ocrx_word' id='word_1_252' title='bbox 1133 2532 1287 2598; x_wconf 87' lang='lat' dir='ltr'>praeterea</span> 
     </span>
     <span class='ocr_line' id='line_1_25' title="bbox 162 2615 1286 2695; baseline 0.002 -22"><span class='ocrx_word' id='word_1_253' title='bbox 162 2615 400 2695; x_wconf 85' lang='grc' dir='ltr'><em>προφερέστερον</em></span> <span class='ocrx_word' id='word_1_254' title='bbox 420 2637 473 2692; x_wconf 89' lang='lat' dir='ltr'>pro</span> <span class='ocrx_word' id='word_1_255' title='bbox 493 2619 628 2678; x_wconf 89' lang='lat' dir='ltr'>feminino</span> <span class='ocrx_word' id='word_1_256' title='bbox 648 2621 772 2692; x_wconf 92' lang='lat' dir='ltr'>positum</span> <span class='ocrx_word' id='word_1_257' title='bbox 794 2635 830 2676; x_wconf 83' lang='lat' dir='ltr'>ex</span> <span class='ocrx_word' id='word_1_258' title='bbox 849 2617 1040 2691; x_wconf 78' lang='lat' dir='ltr'>Tryphiodori</span> <span class='ocrx_word' id='word_1_259' title='bbox 1064 2619 1128 2677; x_wconf 89' lang='lat' dir='ltr'>loco</span> <span class='ocrx_word' id='word_1_260' title='bbox 1149 2625 1205 2678; x_wconf 82' lang='lat'>128</span> <span class='ocrx_word' id='word_1_261' title='bbox 1225 2616 1286 2694; x_wconf 76' lang='grc' dir='ltr'><em>ἡμῖν</em></span> 
     </span>
     <span class='ocr_line' id='line_1_26' title="bbox 166 2707 1286 2789; baseline 0.001 -20"><span class='ocrx_word' id='word_1_262' title='bbox 166 2711 319 2789; x_wconf 71' lang='grc' dir='ltr'><em>ὀαλποιραό</em></span> <span class='ocrx_word' id='word_1_263' title='bbox 338 2710 567 2789; x_wconf 81' lang='grc' dir='ltr'><em>προφερέστεροι</em></span> <span class='ocrx_word' id='word_1_264' title='bbox 586 2707 656 2789; x_wconf 77' lang='grc' dir='ltr'><em>ἤπερ</em></span> <span class='ocrx_word' id='word_1_265' title='bbox 676 2708 799 2776; x_wconf 84' lang='grc' dir='ltr'><em>ἐκείνοις</em></span> <span class='ocrx_word' id='word_1_266' title='bbox 818 2711 983 2768; x_wconf 80' lang='lat' dir='ltr'>illustravit.</span> <span class='ocrx_word' id='word_1_267' title='bbox 1017 2709 1075 2769; x_wconf 86' lang='lat' dir='ltr'>Sed</span> <span class='ocrx_word' id='word_1_268' title='bbox 1095 2709 1135 2768; x_wconf 89' lang='lat' dir='ltr'>ibi</span> <span class='ocrx_word' id='word_1_269' title='bbox 1155 2727 1231 2769; x_wconf 85' lang='lat' dir='ltr'>nunc</span> <span class='ocrx_word' id='word_1_270' title='bbox 1251 2727 1286 2770; x_wconf 82' lang='lat' dir='ltr'>ex</span> 
     </span>
     <span class='ocr_line' id='line_1_27' title="bbox 165 2802 1285 2881; baseline -0.003 -17"><span class='ocrx_word' id='word_1_271' title='bbox 165 2805 359 2865; x_wconf 83' lang='lat' dir='ltr'>deterioribus</span> <span class='ocrx_word' id='word_1_272' title='bbox 383 2807 452 2865; x_wconf 85' lang='lat' dir='ltr'>licet</span> <span class='ocrx_word' id='word_1_273' title='bbox 476 2807 557 2864; x_wconf 89' lang='lat' dir='ltr'>libris</span> <span class='ocrx_word' id='word_1_274' title='bbox 581 2802 812 2881; x_wconf 83' lang='grc' dir='ltr'><em>προφερέστεραι</em></span> <span class='ocrx_word' id='word_1_275' title='bbox 832 2802 937 2861; x_wconf 83' lang='lat' dir='ltr'>editur.</span> <span class='ocrx_word' id='word_1_276' title='bbox 976 2803 1040 2875; x_wconf 84' lang='lat' dir='ltr'>Ego</span> <span class='ocrx_word' id='word_1_277' title='bbox 1060 2809 1127 2875; x_wconf 88' lang='lat' dir='ltr'>post</span> <span class='ocrx_word' id='word_1_278' title='bbox 1146 2802 1285 2881; x_wconf 75' lang='grc' dir='ltr'><em>προφῳέ-</em></span> 
     </span>
     <span class='ocr_line' id='line_1_28' title="bbox 164 2895 1285 2976; baseline -0.001 -19"><span class='ocrx_word' id='word_1_279' title='bbox 164 2918 270 2976; x_wconf 82' lang='grc' dir='ltr'><em>στερον</em></span> <span class='ocrx_word' id='word_1_280' title='bbox 291 2900 348 2959; x_wconf 94' lang='lat' dir='ltr'>duo</span> <span class='ocrx_word' id='word_1_281' title='bbox 367 2898 550 2958; x_wconf 87' lang='lat' dir='ltr'>hemistichia</span> <span class='ocrx_word' id='word_1_282' title='bbox 570 2898 712 2956; x_wconf 87' lang='lat' dir='ltr'>excidisse</span> <span class='ocrx_word' id='word_1_283' title='bbox 733 2895 900 2968; x_wconf 84' lang='lat' dir='ltr'>significavi,</span> <span class='ocrx_word' id='word_1_284' title='bbox 921 2911 994 2966; x_wconf 89' lang='lat' dir='ltr'>quae</span> <span class='ocrx_word' id='word_1_285' title='bbox 1015 2896 1141 2968; x_wconf 91' lang='lat' dir='ltr'>suspicio</span> <span class='ocrx_word' id='word_1_286' title='bbox 1155 2913 1189 2956; x_wconf 89' lang='lat' dir='ltr'>co</span> <span class='ocrx_word' id='word_1_287' title='bbox 1203 2913 1285 2970; x_wconf 83' lang='lat' dir='ltr'>prae-</span> 
     </span>
     <span class='ocr_line' id='line_1_29' title="bbox 162 2985 1286 3066; baseline -0.002 -14"><span class='ocrx_word' id='word_1_288' title='bbox 162 2994 265 3052; x_wconf 87' lang='lat' dir='ltr'>sertim</span> <span class='ocrx_word' id='word_1_289' title='bbox 285 2991 428 3065; x_wconf 88' lang='lat' dir='ltr'>firmatur,</span> <span class='ocrx_word' id='word_1_290' title='bbox 455 2993 531 3064; x_wconf 91' lang='lat' dir='ltr'>quod</span> <span class='ocrx_word' id='word_1_291' title='bbox 550 3008 689 3063; x_wconf 84' lang='lat' dir='ltr'>nusquam</span> <span class='ocrx_word' id='word_1_292' title='bbox 711 2985 794 3066; x_wconf 82' lang='grc' dir='ltr'><em>ἔρνος</em></span> <span class='ocrx_word' id='word_1_293' title='bbox 814 2990 875 3049; x_wconf 88' lang='lat' dir='ltr'>sina</span> <span class='ocrx_word' id='word_1_294' title='bbox 896 2989 1025 3062; x_wconf 88' lang='lat' dir='ltr'>epitheto</span> <span class='ocrx_word' id='word_1_295' title='bbox 1045 3005 1098 3062; x_wconf 90' lang='lat' dir='ltr'>pro</span> <span class='ocrx_word' id='word_1_296' title='bbox 1118 2991 1193 3050; x_wconf 87' lang='lat' dir='ltr'>malo</span> <span class='ocrx_word' id='word_1_297' title='bbox 1213 2991 1286 3051; x_wconf 87' lang='lat' dir='ltr'>dixit</span> 
     </span>
     <span class='ocr_line' id='line_1_30' title="bbox 164 3079 1285 3161; baseline -0.004 -16"><span class='ocrx_word' id='word_1_298' title='bbox 164 3085 323 3156; x_wconf 68' lang='lat' dir='ltr'>colluthus,</span> <span class='ocrx_word' id='word_1_299' title='bbox 344 3083 408 3156; x_wconf 79' lang='lat' dir='ltr'>(cir.</span> <span class='ocrx_word' id='word_1_300' title='bbox 422 3103 448 3144; x_wconf 83' lang='lat' dir='ltr'>v.</span> <span class='ocrx_word' id='word_1_301' title='bbox 464 3094 509 3145; x_wconf 88' lang='grc'>60.</span> <span class='ocrx_word' id='word_1_302' title='bbox 524 3092 560 3144; x_wconf 90' lang='grc'>61</span> <span class='ocrx_word' id='word_1_303' title='bbox 581 3079 666 3161; x_wconf 83' lang='grc' dir='ltr'><em>ἔρνος</em></span> <span class='ocrx_word' id='word_1_304' title='bbox 685 3079 800 3154; x_wconf 83' lang='grc' dir='ltr'><em>ἑλοῦσα,</em></span> <span class='ocrx_word' id='word_1_305' title='bbox 822 3081 926 3161; x_wconf 79' lang='grc' dir='ltr'><em>Μῆλον,</em></span> <span class='ocrx_word' id='word_1_306' title='bbox 948 3088 1016 3140; x_wconf 87' lang='lat' dir='ltr'>etv.</span> <span class='ocrx_word' id='word_1_307' title='bbox 1034 3089 1087 3142; x_wconf 89' lang='lat'>131</span> <span class='ocrx_word' id='word_1_308' title='bbox 1109 3081 1178 3140; x_wconf 83' lang='grc' dir='ltr'><em>τάδε</em></span> <span class='ocrx_word' id='word_1_309' title='bbox 1187 3083 1285 3161; x_wconf 77' lang='grc' dir='ltr'><em>μῆλον,</em></span> 
     </span>
     <span class='ocr_line' id='line_1_31' title="bbox 161 3173 1284 3258; baseline 0.001 -25"><span class='ocrx_word' id='word_1_310' title='bbox 161 3175 305 3258; x_wconf 71' lang='grc' dir='ltr'><em>ἐπήρατον</em></span> <span class='ocrx_word' id='word_1_311' title='bbox 329 3173 425 3257; x_wconf 86' lang='grc' dir='ltr'><em>ἔρνος)</em></span> <span class='ocrx_word' id='word_1_312' title='bbox 447 3183 478 3238; x_wconf 87' lang='lat' dir='ltr'>ct</span> <span class='ocrx_word' id='word_1_313' title='bbox 503 3179 579 3250; x_wconf 90' lang='lat' dir='ltr'>quod</span> <span class='ocrx_word' id='word_1_314' title='bbox 605 3176 924 3236; x_wconf 83' lang='lat' dir='ltr'>versus130.131ad</span> <span class='ocrx_word' id='word_1_315' title='bbox 949 3174 1070 3234; x_wconf 86' lang='lat' dir='ltr'>candem</span> <span class='ocrx_word' id='word_1_316' title='bbox 1095 3177 1284 3248; x_wconf 86' lang='lat' dir='ltr'>suspicionem</span> 
     </span>
     <span class='ocr_line' id='line_1_32' title="bbox 161 3271 619 3331; baseline 0 -1"><span class='ocrx_word' id='word_1_317' title='bbox 161 3273 326 3331; x_wconf 86' lang='lat' dir='ltr'>necessario</span> <span class='ocrx_word' id='word_1_318' title='bbox 347 3272 453 3330; x_wconf 86' lang='lat' dir='ltr'>ducere</span> <span class='ocrx_word' id='word_1_319' title='bbox 472 3271 619 3330; x_wconf 86' lang='lat' dir='ltr'>ridentur:</span> 
     </span>
    </p>
   </div>
   <div class='ocr_carea' id='block_1_6' title="bbox 266 3383 1177 3563">
    <p class='ocr_par' dir='ltr' id='par_1_6' title="bbox 266 3383 1177 3563">
     <span class='ocr_line' id='line_1_33' title="bbox 266 3383 1100 3467; baseline -0.005 -19"><span class='ocrx_word' id='word_1_320' title='bbox 266 3389 353 3467; x_wconf 83' lang='grc' dir='ltr'><em>δεῦρο</em></span> <span class='ocrx_word' id='word_1_321' title='bbox 373 3389 526 3466; x_wconf 84' lang='grc' dir='ltr'><em>διακρίνων</em></span> <span class='ocrx_word' id='word_1_322' title='bbox 545 3387 838 3466; x_wconf 83' lang='grc' dir='ltr'><em>προφερέστερον</em></span> <span class='ocrx_word' id='word_1_323' title='bbox 858 3385 957 3452; x_wconf 85' lang='grc' dir='ltr'><em>εἶδος</em></span> <span class='ocrx_word' id='word_1_324' title='bbox 975 3383 1100 3463; x_wconf 72' lang='grc' dir='ltr'><em>ὀπωπῆς,</em></span> 
     </span>
     <span class='ocr_line' id='line_1_34' title="bbox 267 3476 1177 3563; baseline -0.003 -24"><span class='ocrx_word' id='word_1_325' title='bbox 267 3483 442 3563; x_wconf 75' lang='grc' dir='ltr'><em>φαιδροτέρῃ</em></span> <span class='ocrx_word' id='word_1_326' title='bbox 462 3481 547 3540; x_wconf 83' lang='grc' dir='ltr'><em>τάδε</em></span> <span class='ocrx_word' id='word_1_327' title='bbox 563 3482 672 3561; x_wconf 77' lang='grc' dir='ltr'><em>μῆλον</em></span> <span class='ocrx_word' id='word_1_328' title='bbox 692 3480 868 3560; x_wconf 82' lang='grc' dir='ltr'><em>ἐπήρατον</em></span> <span class='ocrx_word' id='word_1_329' title='bbox 888 3476 993 3558; x_wconf 84' lang='grc' dir='ltr'><em>ἔρνος</em></span> <span class='ocrx_word' id='word_1_330' title='bbox 1012 3476 1177 3559; x_wconf 85' lang='grc' dir='ltr'><em>ὀπάσσῃς.</em></span> 
     </span>
    </p>
   </div>
   <div class='ocr_carea' id='block_1_7' title="bbox 163 3609 1363 4126">
    <p class='ocr_par' dir='ltr' id='par_1_7' title="bbox 163 3609 1285 3690">
     <span class='ocr_line' id='line_1_35' title="bbox 163 3609 1285 3690; baseline -0.002 -20"><span class='ocrx_word' id='word_1_331' title='bbox 163 3611 301 3670; x_wconf 83' lang='lat' dir='ltr'>Getarum</span> <span class='ocrx_word' id='word_1_332' title='bbox 321 3609 458 3676; x_wconf 85' lang='grc' dir='ltr'><em>ὀπάσσεις</em></span> <span class='ocrx_word' id='word_1_333' title='bbox 475 3629 528 3685; x_wconf 89' lang='lat' dir='ltr'>pro</span> <span class='ocrx_word' id='word_1_334' title='bbox 550 3609 680 3690; x_wconf 85' lang='grc' dir='ltr'><em>ὀπάσσῃς</em></span> <span class='ocrx_word' id='word_1_335' title='bbox 700 3612 772 3670; x_wconf 88' lang='lat' dir='ltr'>coni.</span> <span class='ocrx_word' id='word_1_336' title='bbox 794 3609 925 3668; x_wconf 84' lang='lat' dir='ltr'>Gracfius</span> <span class='ocrx_word' id='word_1_337' title='bbox 945 3628 974 3684; x_wconf 93' lang='lat' dir='ltr'>p.</span> <span class='ocrx_word' id='word_1_338' title='bbox 990 3615 1046 3668; x_wconf 81' lang='grc'>246</span> <span class='ocrx_word' id='word_1_339' title='bbox 1067 3613 1119 3666; x_wconf 81' lang='lat' dir='ltr'>»ut</span> <span class='ocrx_word' id='word_1_340' title='bbox 1139 3609 1230 3668; x_wconf 88' lang='lat' dir='ltr'>simile</span> <span class='ocrx_word' id='word_1_341' title='bbox 1243 3612 1285 3668; x_wconf 81' lang='lat' dir='ltr'>ri·</span> 
     </span>
    </p>

    <p class='ocr_par' dir='ltr' id='par_1_8' title="bbox 163 3699 1363 3778">
     <span class='ocr_line' id='line_1_36' title="bbox 163 3699 1363 3778; baseline -0.002 -15"><span class='ocrx_word' id='word_1_342' title='bbox 163 3706 237 3764; x_wconf 90' lang='lat' dir='ltr'>tium</span> <span class='ocrx_word' id='word_1_343' title='bbox 262 3705 416 3776; x_wconf 89' lang='lat' dir='ltr'>aliquoties</span> <span class='ocrx_word' id='word_1_344' title='bbox 440 3707 471 3762; x_wconf 92' lang='lat' dir='ltr'>in</span> <span class='ocrx_word' id='word_1_345' title='bbox 494 3707 596 3764; x_wconf 88' lang='lat' dir='ltr'>Nonno</span> <span class='ocrx_word' id='word_1_346' title='bbox 622 3704 815 3764; x_wconf 74' lang='lat' dir='ltr'>sustulimus«.</span> <span class='ocrx_word' id='word_1_347' title='bbox 844 3737 879 3746; x_wconf 87' lang='lat'><em>-</em></span> <span class='ocrx_word' id='word_1_348' title='bbox 910 3701 969 3762; x_wconf 83' lang='grc'>149</span> <span class='ocrx_word' id='word_1_349' title='bbox 988 3720 1082 3778; x_wconf 86' lang='grc' dir='ltr'><em>πασῃς</em></span> <span class='ocrx_word' id='word_1_350' title='bbox 1101 3702 1148 3773; x_wconf 89' lang='grc' dir='ltr'>Μ;</span> <span class='ocrx_word' id='word_1_351' title='bbox 1177 3699 1208 3759; x_wconf 89' lang='grc' dir='ltr'>σ’</span> <span class='ocrx_word' id='word_1_352' title='bbox 1228 3719 1282 3762; x_wconf 91' lang='lat' dir='ltr'>om.</span> <span class='ocrx_word' id='word_1_353' title='bbox 1362 3771 1363 3776; x_wconf 13' lang='lat'>1</span> 
     </span>
    </p>

    <p class='ocr_par' dir='ltr' id='par_1_9' title="bbox 163 3795 1283 3869">
     <span class='ocr_line' id='line_1_37' title="bbox 163 3795 1283 3869; baseline -0.004 -10"><span class='ocrx_word' id='word_1_354' title='bbox 163 3797 247 3859; x_wconf 90' lang='lat' dir='ltr'>codd.</span> <span class='ocrx_word' id='word_1_355' title='bbox 270 3803 301 3856; x_wconf 88' lang='lat' dir='ltr'>et</span> <span class='ocrx_word' id='word_1_356' title='bbox 320 3798 386 3856; x_wconf 89' lang='lat' dir='ltr'>edd.</span> <span class='ocrx_word' id='word_1_357' title='bbox 407 3814 504 3857; x_wconf 89' lang='lat' dir='ltr'>omnes</span> <span class='ocrx_word' id='word_1_358' title='bbox 526 3803 593 3856; x_wconf 88' lang='lat' dir='ltr'>ante</span> <span class='ocrx_word' id='word_1_359' title='bbox 613 3798 773 3856; x_wconf 88' lang='lat' dir='ltr'>Lehrsium.</span> <span class='ocrx_word' id='word_1_360' title='bbox 809 3797 849 3856; x_wconf 83' lang='lat' dir='ltr'>Et</span> <span class='ocrx_word' id='word_1_361' title='bbox 868 3797 926 3855; x_wconf 87' lang='lat' dir='ltr'>iam</span> <span class='ocrx_word' id='word_1_362' title='bbox 944 3797 1064 3869; x_wconf 87' lang='lat' dir='ltr'>Lennep</span> <span class='ocrx_word' id='word_1_363' title='bbox 1084 3796 1114 3854; x_wconf 93' lang='lat' dir='ltr'>in</span> <span class='ocrx_word' id='word_1_364' title='bbox 1132 3795 1283 3856; x_wconf 81' lang='lat' dir='ltr'>Animadv.</span> 
     </span>
    </p>

    <p class='ocr_par' dir='ltr' id='par_1_10' title="bbox 163 3888 1283 3963">
     <span class='ocr_line' id='line_1_38' title="bbox 163 3888 1283 3963; baseline -0.003 -13"><span class='ocrx_word' id='word_1_365' title='bbox 163 3908 192 3963; x_wconf 90' lang='lat' dir='ltr'>p.</span> <span class='ocrx_word' id='word_1_366' title='bbox 209 3897 279 3950; x_wconf 88' lang='lat'>101:</span> <span class='ocrx_word' id='word_1_367' title='bbox 302 3891 433 3950; x_wconf 78' lang='lat' dir='ltr'>»omnino</span> <span class='ocrx_word' id='word_1_368' title='bbox 448 3892 579 3949; x_wconf 88' lang='lat' dir='ltr'>voculam</span> <span class='ocrx_word' id='word_1_369' title='bbox 594 3888 629 3947; x_wconf 85' lang='grc' dir='ltr'>σὲ</span> <span class='ocrx_word' id='word_1_370' title='bbox 643 3889 804 3948; x_wconf 88' lang='lat' dir='ltr'>desiderari</span> <span class='ocrx_word' id='word_1_371' title='bbox 823 3894 894 3962; x_wconf 90' lang='lat' dir='ltr'>puto</span> <span class='ocrx_word' id='word_1_372' title='bbox 906 3888 961 3948; x_wconf 93' lang='lat' dir='ltr'>hoc</span> <span class='ocrx_word' id='word_1_373' title='bbox 978 3888 1062 3947; x_wconf 93' lang='lat' dir='ltr'>modo</span> <span class='ocrx_word' id='word_1_374' title='bbox 1076 3889 1283 3948; x_wconf 84' lang='lat' dir='ltr'>restituendam</span> 
     </span>
    </p>

    <p class='ocr_par' dir='ltr' id='par_1_11' title="bbox 163 3979 1285 4126">
     <span class='ocr_line' id='line_1_39' title="bbox 163 3979 1285 4060; baseline 0 -22"><span class='ocrx_word' id='word_1_375' title='bbox 163 3981 257 4060; x_wconf 84' lang='grc' dir='ltr'><em>πάσης</em></span> <span class='ocrx_word' id='word_1_376' title='bbox 281 3981 422 4060; x_wconf 76' lang='grc' dir='ltr'><em>ἡμετέρῃς</em></span> <span class='ocrx_word' id='word_1_377' title='bbox 441 3980 527 4059; x_wconf 81' lang='grc' dir='ltr'><em>Ἀσίῃς</em></span> <span class='ocrx_word' id='word_1_378' title='bbox 546 3979 574 4039; x_wconf 81' lang='grc' dir='ltr'>α’</span> <span class='ocrx_word' id='word_1_379' title='bbox 599 3980 725 4060; x_wconf 72' lang='grc' dir='ltr'><em>ἡγήτορα</em></span> <span class='ocrx_word' id='word_1_380' title='bbox 749 3980 841 4059; x_wconf 70' lang='grc' dir='ltr'><em>θήσω.</em></span> <span class='ocrx_word' id='word_1_381' title='bbox 879 3981 942 4040; x_wconf 84' lang='lat' dir='ltr'>Nisi</span> <span class='ocrx_word' id='word_1_382' title='bbox 968 3981 1043 4038; x_wconf 87' lang='lat' dir='ltr'>enim</span> <span class='ocrx_word' id='word_1_383' title='bbox 1067 3981 1140 4040; x_wconf 83' lang='lat' dir='ltr'>haee</span> <span class='ocrx_word' id='word_1_384' title='bbox 1159 3981 1285 4039; x_wconf 86' lang='lat' dir='ltr'>addatur</span> 
     </span>
     <span class='ocr_line' id='line_1_40' title="bbox 1048 4075 1081 4126; baseline 0 -19"><span class='ocrx_word' id='word_1_385' title='bbox 1048 4075 1081 4126; x_wconf 62' lang='lat'>5*</span> 
     </span>
    </p>
   </div>
   <div class='ocr_carea' id='block_1_8' title="bbox 0 0 1550 4662">
    <p class='ocr_par' dir='ltr' id='par_1_12' title="bbox 0 0 1550 4662">
     <span class='ocr_line' id='line_1_41' title="bbox 0 0 1550 4662; baseline 0 0"><span class='ocrx_word' id='word_1_386' title='bbox 0 0 1550 4662; x_wconf 95' lang='lat' dir='ltr'> </span> 
     </span>
    </p>
   </div>
  </div>
 </body>
</html>
