3078 4654
571 313 782 376 -93-

108 513 286 572 praesens
306 498 481 568 verbiinpe,
502 495 664 571 videndi,
686 499 904 571 admirandi,
926 499 1101 558 laudandi
1118 501 1238 561 autdo·

108 593 215 651 leudi
236 609 323 651 sensu
343 598 410 651 ante
426 588 603 666 Ὑάκινθον,
628 609 680 665 pro
701 591 903 669 ποηοογνάφος,
930 594 1051 652 inveniri
1072 599 1183 666 potest,
1208 594 1239 651 id

110 686 191 758 quod
213 685 345 758 equidem
366 684 474 744 frustra
499 686 654 758 quaesivi«
696 685 802 744 Veram
828 685 917 744 fuisse
939 685 1047 745 Graelii
1076 687 1112 744 de
1135 687 1240 745 lacuna

110 779 305 851 suspicionem
320 779 482 836 accuratior
499 777 607 837 codicis
621 777 793 837 Mutinensis
808 778 923 837 collatio
939 765 1080 838 ostendit.
1105 779 1237 851 Reliqua,

110 887 189 942 quae
211 871 342 930 Graerius
363 871 448 930 adh.
469 873 638 944 l.protulit,
664 871 837 944 improbavit
859 872 945 930 etiam
968 871 1116 929 Hermann
1142 889 1169 944 p.
1194 878 1239 940 18,

112 965 204 1024 anihil
226 966 299 1025 enim
325 967 431 1024 certius
458 981 541 1038 quern
566 962 756 1042 παραγνάψος
775 965 804 1022 in
825 964 921 1022 medio
945 965 1070 1036 positum
1103 956 1182 1036 esse,
1208 970 1240 1022 ut

111 1060 153 1118 sit
174 1058 389 1130 deflectens,
410 1057 447 1116 ad
462 1056 609 1134 Κοηονείοτο
626 1054 784 1114 Ὑακίνθου
806 1063 904 1116 autem
924 1057 1018 1129 repeti
1033 1057 1141 1114 debere
1155 1053 1239 1132 dyad-

107 1171 203 1228 μενος
223 1148 325 1216 εἷδος.τ
360 1152 513 1212 Caeterum
527 1151 564 1210 ad
578 1149 686 1226 κτέρας
700 1167 734 1208 ex
748 1151 932 1209 antecedenti
950 1167 1034 1208 versu
1048 1149 1238 1222 repetendum

111 1262 180 1305 esse
207 1244 364 1322 θηεύμενος
384 1246 457 1304 bene
478 1245 551 1303 vidit
571 1243 729 1303 Schneider
754 1263 781 1316 p.
809 1251 873 1302 414.
903 1276 935 1286 -
959 1242 1024 1302 242
1052 1242 1084 1300 ὁν
1105 1263 1175 1300 ποτε
1199 1244 1240 1315 Μ,

111 1334 219 1396 οὔποτε
238 1340 340 1412 LNQ,
363 1336 466 1396 σύποτε
484 1338 519 1408 Α,
540 1335 643 1396 οὐποτὲ
664 1339 686 1399 G
707 1345 773 1397 ante
794 1355 878 1410 corr,
899 1335 1018 1394 οὔποτε
1040 1338 1062 1398 G
1081 1344 1148 1412 post
1168 1353 1240 1397 corr.

111 1451 179 1492 cum
205 1433 302 1504 glossa
327 1431 375 1489 καὶ
400 1430 484 1503 ὅσους
510 1431 689 1506 κουριῖονται
713 1433 751 1503 L;
779 1430 921 1489 απόλλοννι
945 1432 991 1503 Μ;
1022 1465 1053 1472 -
1082 1430 1146 1490 243
1171 1450 1240 1506 αμυ-

114 1523 202 1583 κλέον
221 1526 263 1598 Μ,
284 1523 448 1603 ἀμηκλαίων
469 1526 506 1596 Q3
527 1523 653 1602 ἡγήσατο
674 1526 707 1597 Q,
728 1521 876 1602 ηγάσσατο
902 1525 936 1584 W
956 1529 1011 1596 hn3
1035 1522 1074 1602 μὴ
1095 1525 1155 1584 ΜΟ
1176 1524 1240 1595 (sed

111 1623 145 1677 in
166 1619 221 1678 hoc
238 1638 261 1694 μ
281 1635 316 1676 ex
336 1623 421 1689 corr.)
442 1619 512 1691 Lu,
535 1616 574 1694 μη
595 1619 634 1690 Α,
660 1616 695 1696 δὴ
715 1619 880 1691 PNRSV,
901 1617 950 1696 (μὴ
971 1620 1027 1689 vel)
1053 1617 1087 1696 δὴ
1111 1635 1166 1679 om.
1188 1619 1241 1690 W3

111 1711 154 1768 det
178 1712 207 1769 in
228 1712 260 1768 M
280 1709 404 1772 fortasse
426 1729 460 1770 ex
484 1710 518 1788 δή
538 1710 645 1770 lactum
671 1718 716 1770 est
736 1729 753 1769 a
773 1728 809 1768 m.
833 1729 875 1784 pr.
897 1711 934 1768 δτι
955 1715 994 1785 A,
1020 1711 1055 1769 δέ
1079 1711 1107 1768 οἱ
1130 1729 1183 1786 pro
1204 1711 1244 1768 διΐ

111 1807 206 1864 habet
219 1805 257 1864 W
277 1806 306 1862 in
325 1809 407 1862 textu
428 1802 474 1874 (δὲ
494 1801 534 1860 δεῖ
550 1822 586 1862 m.
602 1821 659 1863 sec.
674 1806 701 1861 iu
723 1811 842 1878 marg.);
864 1807 893 1862 in
913 1808 1043 1879 margine
1058 1805 1092 1863 δὲ
1112 1805 1141 1861 οἱ
1153 1806 1241 1864 hahet

112 1899 147 1972 P,
169 1897 203 1956 δὲ
217 1895 248 1954 οἷ
258 1897 286 1956 S.
309 1931 342 1938 —
366 1897 431 1957 244
447 1897 605 1974 σκυτομένη
620 1898 653 1969 Q,
675 1896 831 1974 κλυζομένη
845 1899 879 1968 L,
903 1897 1063 1975 σκυζομένη
1076 1901 1139 1957 rell.
1155 1899 1238 1958 codd.

114 1998 149 2050 et·
172 1991 237 2048 edd.
265 1998 331 2050 ante
357 1992 459 2050 Lehrs.
482 2025 516 2032 —
538 1991 624 2048 τοῦτο
651 1991 696 2050 W.
722 2025 753 2032 --
777 1993 808 2048 ln
835 1993 953 2064 vulgata
979 1993 1080 2062 horum
1107 2007 1239 2050 versuum

113 2086 241 2144 lectione
261 2085 368 2157 primus
394 2084 513 2144 offendit
532 2083 666 2157 Lennep,
693 2100 756 2142 curn
782 2100 875 2155 neque
899 2085 969 2156 Iovi,
995 2085 1239 2155 nequeLatonae

114 2179 145 2234 in
167 2175 223 2235 hac
242 2177 342 2236 fabula
361 2179 438 2236 ullae
460 2183 625 2250 competant
643 2184 757 2251 partes,
778 2195 871 2251 neque
897 2179 968 2236 satis
989 2179 1119 2250 intellegi
1139 2179 1240 2252 possit,

114 2287 192 2344 quae
218 2269 306 2330 fuerit
330 2272 380 2329 illa
405 2271 534 2330 Latonae
560 2273 589 2329 iu
615 2272 710 2330 Iovem
735 2273 795 2340 ira,
823 2277 853 2329 et
877 2273 940 2343 quis
966 2272 1016 2329 ille
1041 2278 1133 2330 metus
1156 2273 1239 2345 Amy·

114 2365 272 2436 claeorum,
297 2380 334 2421 ue
354 2364 467 2422 Latona
488 2365 681 2437 Hyacinthum
708 2365 873 2423 abduceret.
917 2367 1013 2438 Quare
1038 2366 1159 2437 primurn
1187 2382 1239 2439 pro

112 2453 149 2534 δὴ
172 2453 212 2512 aet
234 2453 310 2533 λητώ
331 2457 448 2529 scripsit
468 2455 537 2533 hyra
559 2454 646 2532 ἀὴτου
668 2463 698 2515 et
713 2474 766 2530 pro
787 2443 946 2535 σκυζομένη
968 2456 1156 2532 σκυζομένουε
1182 2461 1239 2517 nita

118 2549 213 2608 videri
232 2557 332 2623 posset
353 2549 490 2608 Coluthus
511 2551 649 2622 voluisse,
670 2551 841 2622 Amyclaeos
868 2550 1092 2611 admirabundos
1113 2569 1237 2624 pugnam

114 2643 243 2716 Zephyri
264 2642 299 2701 oh
320 2643 350 2700 id
364 2643 526 2714 Hyacinthe
547 2643 698 2714 indignati,
719 2643 795 2715 quod
809 2643 972 2715 Apollinem
992 2645 1047 2702 sihi
1068 2643 1238 2716 praeterret,

114 2737 296 2809 spectavisse
318 2751 410 2806 eaque
435 2751 499 2794 sese
520 2735 699 2794 oblectantes
720 2736 912 2807 Hyacinthum
935 2737 1106 2810 adduxisse,
1133 2741 1165 2794 ut
1186 2738 1239 2796 sci·

115 2830 189 2888 licet
204 2845 267 2886 cum
282 2829 413 2902 Zephyro
428 2833 582 2887 certaret«.
612 2829 719 2887 Postea
740 2834 836 2886 autem
851 2830 1020 2902 intellegens
1041 2829 1168 2888 admissa
1188 2832 1241 2888 hac

117 2924 286 2983 coniectura
307 2923 458 2994 sequentia
482 2918 573 2997 αὐτὰρ
595 2917 732 2979 Ἀπόλλων
753 2917 806 2978 οὐκ
827 2917 898 2997 ἐδάη
919 2943 946 2978 κ.
962 2943 987 2979 τ.
1006 2922 1028 2979 l.
1055 2925 1147 2982 rninus
1168 2925 1241 2984 hene

114 3034 191 3076 nexa
222 3033 301 3085 esse,
326 3013 397 3093 tyra
423 3013 510 3092 ἀήτοο
539 3020 604 3089 (pro
633 3015 706 3093 δηΐδι
735 3013 834 3092 ἄητον)
867 3017 987 3075 retinuit
1012 3022 1041 3075 et
1066 3017 1242 3093 οκυζόμενος

115 3111 250 3184 scripsit,
276 3116 306 3168 et
330 3107 478 3188 ἠγάσσατο
503 3110 667 3169 Brodaeum
694 3117 810 3169 secutus
835 3111 923 3168 vertit
952 3113 1114 3170 venerati
1147 3117 1241 3183 sunt3

114 3201 165 3258 καὶ
186 3202 286 3260 τοῦτον
307 3200 444 3282 ἀνήγαγεν
470 3209 567 3262 autem
594 3220 667 3262 »non
693 3205 768 3262 male
790 3205 877 3261 etiam
898 3195 1069 3263 a'·Br0daeo
1096 3204 1241 3263 redditum

115 3300 152 3354 et
171 3296 264 3353 hunc
283 3297 317 3353 in
343 3296 462 3354 urbem
486 3301 720 3368 receperunt,
747 3296 876 3367 quamvis
898 3296 995 3352 malim
1016 3296 1185 3367 simpliciter
1206 3299 1241 3354 et

113 3390 218 3447 illum
240 3388 480 3461 abduxerunt,
504 3405 540 3446 ne
561 3390 671 3448 scilicet
691 3405 755 3446 curn
776 3389 907 3461 Zephyro
927 3404 1059 3461 pugnans
1080 3389 1239 3447 interiret«

115 3481 260 3540 vitiosam
275 3497 339 3540 esse
353 3481 494 3554 Lennepii
516 3482 709 3540 coniecturam
731 3484 775 3541 vel
789 3488 909 3555 propter
922 3482 1132 3541 intolerabilem
1148 3481 1242 3541 elisio·

115 3590 192 3646 nem,
213 3575 355 3632 neminem
375 3575 462 3634 hodic
483 3576 565 3634 latet.
604 3576 696 3634 Iulien
716 3576 786 3634 nihil
806 3577 861 3634 nisi
882 3572 988 3652 νοήσας
1008 3575 1037 3632 in
1059 3572 1160 3651 νόησεν
1182 3591 1241 3632 mu·

116 3667 207 3736 tavit‚
233 3673 263 3725 et
282 3669 382 3726 vertit:
410 3667 577 3742 »obstupuit
597 3685 664 3728 vero
686 3669 798 3727 Latona
819 3669 892 3740 Iovi,
913 3669 990 3726 illius
1012 3683 1081 3740 ergo
1103 3668 1241 3742 irascens,

116 3766 146 3820 et
179 3775 244 3818 eum
279 3760 433 3833 abduxit«,
463 3761 605 3820 Latonam
636 3762 747 3820 scilicet
775 3762 921 3834 Apollinis
951 3761 1174 3820 amantissimam
1206 3778 1242 3819 ne

113 3854 249 3928 Iuppiter
269 3854 465 3926 Hyacinthum
491 3872 603 3927 quoqne
629 3861 750 3929 propter
769 3857 949 3928 praeclaram
972 3856 1033 3913 eius
1053 3855 1242 3927 pulchritudi-

114 3963 184 4006 nem
210 3947 370 4006 abduceret
394 3951 531 4008 metuisse
556 3954 646 4008 ratus.
692 3949 800 4008 Censor
826 3949 1024 4021 Gottingcnsis
1051 3949 1088 4006 ad
1114 3949 1241 4020 mythum

114 4040 199 4100 nobis
230 4040 308 4099 haud
340 4042 461 4114 amplius
492 4047 590 4102 notum
620 4043 752 4100 allusisse
783 4048 899 4114 poetam
930 4040 1064 4100 credidit.
1111 4038 1241 4100 Graefius
