3092 4662
681 367 894 430 ..14-

224 621 476 718 ΥΙΙθΘΕΘΙΣ
497 619 593 718 llll
622 621 734 715 ΠΕΡΙ
762 617 861 714 ΤΗΣ
890 617 1086 713 ΕΛΕΝΗΣ
1115 617 1358 716 ΑΡΙΙΑΓΗΣ.

313 773 475 850 Πολοῦθος
484 773 694 860 Δυκοπολίτης
710 771 847 858 θηβαῖος
861 769 1016 850 ἐποποιός,
1032 769 1170 852 γεγονὼς
1184 771 1263 833 κατὰ
1278 769 1360 835 Σού-

227 877 286 941 θαν
309 877 358 942 ἐπὶ
378 876 577 942 Ἀναστασέου
599 875 759 960 βασιλέως
774 879 836 938 τῶν
846 869 1005 957 Ῥωμαίων
1018 871 1101 957 μετὰ
1116 871 1252 959 Ζήνωνα
1267 871 1360 955 βασι-

225 980 397 1054 λεύσαντος
420 981 481 1064 πρὸ
503 977 672 1043 Ἰουστίνου
696 981 750 1040 τοῦ
774 975 862 1039 θείου
884 973 1105 1039 Ἰουστινιανοῦ
1128 975 1183 1036 τοῦ
1206 973 1360 1054 αὐτοκρά-

228 1103 334 1168 τορος,
358 1079 450 1156 οὗτος
472 1077 595 1166 ἔγραφε
614 1080 725 1165 μέτρῳ
741 1079 906 1164 διάφορα·
935 1075 1136 1143 Παλυθωνικὰ
1164 1075 1198 1142 έν
1225 1077 1360 1160 βιβλίοις

228 1184 277 1265 le,
301 1182 449 1269 Περσικά,
473 1183 579 1247 καὶτὸ
602 1183 703 1266 παρὸν
726 1181 841 1269 πσέημα
859 1178 981 1268 Ἑλένης
998 1177 1160 1268 Ἆρπαγην,
1182 1177 1200 1242 θ
1225 1177 1261 1242 ἐκ
1280 1179 1361 1244 Λευ·

229 1291 330 1351 κανῶν
354 1290 406 1350 νῦν
430 1283 600 1372 ἀνεσώθη.
624 1283 747 1370 Γράφει
764 1287 818 1372 τὴν
840 1284 936 1370 ἐντῷ
952 1287 1006 1348 τοῦ
1021 1283 1153 1372 Πηλέως
1167 1283 1216 1346 καὶ
1232 1281 1358 1357 θέτιθος

231 1390 322 1474 γάρῳ
351 1392 413 1452 τῶν
437 1386 522 1451 θεῶν
545 1389 741 1476 συναγωγήν,
763 1386 812 1450 καὶ
834 1383 901 1471 ἔριν
913 1388 987 1470 περὶ
1003 1390 1056 1450 τοῦ
1070 1385 1222 1460 κάλλους·
1246 1387 1265 1472 τ)
1283 1385 1360 1473 καλὴ

227 1490 352 1573 λαβέτω
375 1491 410 1554 τὸ
430 1491 542 1578 μῆλον,
564 1491 613 1554 καὶ
635 1491 682 1554 θτι
705 1491 723 1552 ὁ
746 1489 828 1563 Ζεὺς
851 1487 990 1574 ἔπεμψεν
1010 1487 1126 1577 Ἑρμῆν
1154 1489 1234 1573 πρὸς
1260 1488 1364 1575 Πάριν

228 1595 390 1676 κρινοῦντα
419 1592 474 1665 τὰς
502 1589 595 1671 θεάς,
631 1593 680 1655 καὶ
709 1591 855 1656 δώσονταΙ
883 1594 921 1677 τῇ
949 1591 1152 1679 εὐειδεστέρᾳ
1188 1593 1223 1656 τὸ
1249 1593 1360 1678 ρῆλον.

231 1692 361 1757 Πολλῶν
384 1693 421 1756 δὲ
436 1693 538 1776 λόγων
560 1693 609 1756 καὶ
631 1693 832 1782 ὑποσχέσεων
859 1692 1036 1777 γενομένων
1058 1694 1076 1756 ὁ
1098 1692 1200 1778 Πάρις
1222 1692 1362 1756 δέδωκεν
1438 1722 1443 1736 ·

231 1793 394 1881 Ἀφροδίτη
411 1795 464 1858 ’τὸ
496 1795 596 1882 μῆλον
629 1795 678 1858 ἐπὶ
706 1795 874 1884 ὑποσχέσει
902 1795 1011 1877 λαβεῖν
1040 1797 1094 1882 τὴν
1116 1793 1250 1883 Ἑλένην·
1272 1795 1290 1858 ὃ
1313 1794 1362 1857 καὶ

221 1896 352 1980 Ιγέγονε.
395 1895 539 1970 Πλεύσας
561 1897 621 1980 γάρ
645 1897 688 1970 εἷς
710 1895 861 1984 Σπάρτην
882 1896 932 1960 καὶ
952 1897 1006 1984 τὴν
1026 1889 1150 1986 Ἑλένην
1173 1895 1365 1970 καταπελσας,

234 1997 391 2086 άνηγαγεν
416 1999 460 2074 εἷς
484 2001 538 2090 την
554 1995 649 2064 Ἴλιον
672 2001 903 2076 καταλιποῦσαν
926 1999 975 2063 καὶ
997 1997 1099 2083 ἄνδρα
1121 2001 1170 2064 καὶ
1191 1997 1364 2084 θυγατέρα,

229 2102 277 2164 καὶ
300 2102 395 2166 οἰκίαν
417 2106 466 2167 καὶ
489 2105 588 2167 πάντα
613 2104 651 2165 τὰ
676 2103 742 2166 ἐκεῖ
761 2101 855 2188 ἔρωτι
879 2105 932 2166 τοῦ
954 2103 1140 2188 βαρβάρου.

228 2223 434 2234 --.

318 2271 461 2338 Habenl‘
471 2271 554 2336 hono
568 2272 667 2336 vilem
683 2271 705 2336 S
716 2269 742 2334 P
754 2273 782 2338 V
794 2269 844 2335 W.
875 2271 1015 2336 Titulum
1038 2270 1114 2335 dedi
1136 2292 1176 2337 ex
1191 2270 1249 2346 W3
1272 2268 1363 2334 deest
1496 2232 1498 2237 V

231 2355 343 2420 titulus
374 2357 408 2421 in
431 2357 459 2422 V
485 2363 518 2422 et
545 2355 642 2421 etiem
673 2356 706 2420 in
734 2357 759 2421 P
787 2377 827 2420 ex
858 2377 922 2438 quo
951 2355 1058 2422 Julien
1087 2355 1168 2421 falso
1199 2354 1361 2420 Πολούθου

194 2447 197 2460 “
228 2435 352 2528 ’Ἑλένης
381 2443 507 2526 ἁρπαγή
535 2439 654 2505 attulit.
700 2439 738 2504 In
761 2440 782 2503 S
805 2440 918 2505 titulus
946 2445 996 2506 esi
1026 2441 1175 2514 ὑπόθεσις
1205 2443 1258 2505 τοῦ
1292 2441 1362 2523 περὶ

231 2531 287 2614 τῆς
309 2529 453 2613 ἁρπαγῆς
477 2530 532 2613 τῆς
554 2521 687 2613 Ἑλένης,
726 2525 897 2590 Caeterum
919 2524 999 2590 haee
1021 2525 1088 2589 vito
1109 2525 1224 2608 prioris
1247 2522 1362 2589 funda-

212 2615 378 2688 ·menium
394 2630 463 2676 esso
481 2610 559 2675 mihi
575 2609 710 2676 videtur.
744 2610 849 2674 Aliam
862 2609 1001 2676 colluthi
1018 2609 1242 2693 biographiam
1260 2607 1363 2673 eonti—
1421 2629 1424 2632 ·

230 2715 307 2761 nere
319 2693 435 2761 dieitur
447 2695 516 2761 ood.
530 2695 632 2760 Palot.
645 2698 708 2762 914
719 2695 755 2760 in·
763 2695 981 2761 Bibliothecae
994 2693 1170 2760 Vaticanoe
1183 2692 1362 2776 Catalogis3

231 2779 289 2845 sed
317 2780 418 2848 codex
449 2781 510 2846 iste
543 2801 626 2846 saec.
650 2779 680 2845 X
707 2780 786 2845 nihil
813 2781 874 2845 nisi
908 2781 1067 2868 διηγήσεις
1101 2784 1154 2844 τοῦ
1187 2780 1263 2863 βίου
1297 2783 1362 2842 τῶν

231 2865 326 2947 ἁγίων
360 2863 506 2948 πατέρων
539 2864 669 2930 exhibet
700 2865 785 2928 inter
817 2885 898 2946 quas
924 2863 978 2929 fol.
1003 2863 1232 2930 129b-135b
1261 2863 1362 2928 vitam

232 2949 366 3012 lodoveo
384 2952 436 3012 τοῦ
452 2949 660 3028 λοκοπολίιοο,
685 2948 742 3030 qui
764 2947 840 3014 olim
860 2947 945 3014 febri
959 2951 1064 3014 erlem
1080 2969 1230 3016 exercens
1245 2951 1361 3032 posteo

231 3031 328 3097 vitam
350 3033 383 3096 in
405 3032 631 3098 solitudinibus
654 3031 751 3116 degit.
