3078 4654
749 289 959 354 ..92-

293 475 421 536 codicem
436 475 628 534 Mutinensem
655 473 828 535 conterentis
848 479 947 536 oeulos
967 475 1103 552 fugerint.
1124 511 1161 523 -
1183 478 1244 539 241
1265 479 1425 556 αμοκλέοια

293 569 340 640 H,
365 566 554 646 παραγνοψας
578 568 625 640 Μ,
655 567 845 647 supernaque
869 569 1094 631 ACLNPRW
1123 589 1187 631 oum
1218 573 1283 632 edd.
1309 575 1381 632 inde
1408 592 1422 632 a

295 661 439 734 Bekkero‚
460 659 634 740 παραγάφας
652 663 700 721 vel
719 661 891 741 ποιρανάψας
905 663 939 735 Q,
958 664 1201 744 aqoayuq'od’acS
1223 675 1253 726 et
1270 666 1337 726 edd.
1352 673 1423 726 ante

296 752 436 826 Belrker.‚
457 755 544 827 idque
564 756 684 827 retinui,
705 754 845 814 suadente
867 756 953 815 etiam
976 756 1099 819 Greelio.
1123 793 1157 802 -
1179 759 1209 816 ol
1226 759 1359 819 ακύνθον
1380 761 1422 818 Μ.

296 879 328 890 -
351 848 384 905 lu
404 850 521 922 vulgata
541 867 584 908 vv.
606 856 671 908 240.
687 855 741 909 241
766 850 910 922 scriptura
930 851 1040 924 primus
1054 852 1174 912 offendit
1185 852 1318 928 Lennep,
1340 855 1421 912 cuius

293 941 366 999 haec
386 947 431 999 est
450 947 533 1000 nota:
562 942 697 1014 adpelle,
726 957 781 1001 non
802 942 983 1016 Hyacinthus
1005 943 1187 1004 Oarnueus
1211 947 1328 1006 dicitur.
1365 947 1421 1005 Vel

294 1035 392 1106 itaque
415 1034 553 1094 coluthus
574 1036 693 1103 erravit,
715 1036 760 1094 vel
781 1037 967 1109 interpretes,
988 1039 1037 1109 qui
1053 1035 1201 1115 Κορνείοιο
1221 1056 1276 1113 pro
1291 1040 1420 1114 epitheto

295 1128 452 1202 Hyacinthi
479 1135 624 1201 ceperunt.
670 1130 773 1190 Potest
798 1127 873 1190 iorte
898 1131 1076 1204 Hyacinthus
1106 1132 1154 1191 hic
1184 1132 1241 1191 dici
1270 1130 1420 1211 Καρνείου,

299 1223 405 1296 quippe
419 1223 562 1296 Apollinis
582 1225 715 1296 amasius,
737 1231 769 1284 ut
790 1225 1019 1297 distingueretur
1038 1225 1074 1284 ab
1096 1226 1160 1283 aliis
1181 1227 1312 1286 eiusdem
1333 1229 1421 1288 nomi·

296 1319 367 1376 nis«
412 1316 519 1377 Contra
540 1316 671 1377 Graefius
691 1336 718 1391 p.
740 1326 805 1377 252.
827 1327 897 1378 253:
929 1319 1024 1378 »Leve
1045 1325 1090 1378 est
1111 1325 1140 1378 et
1160 1317 1246 1378 facile
1267 1321 1420 1379 emendan-

296 1413 362 1470 dum
383 1411 423 1487 id,
444 1413 473 1468 in
488 1428 543 1484 quo
558 1412 687 1485 Lennep.
708 1413 810 1482 haesit,
832 1411 1011 1484 Hyacinthus
1027 1413 1163 1472 Cernens.
1189 1412 1354 1472 Difficultas
1376 1417 1421 1472 est

294 1506 325 1562 in
339 1505 471 1578 particip.
488 1503 713 1582 παραγνάμψας
735 1503 862 1564 Bekhen‘
882 1503 1070 1583 ποιραμνάψας
1084 1523 1170 1565 sensu
1185 1507 1271 1579 plane
1288 1507 1421 1566 destitui·

295 1604 350 1656 tur.
380 1597 505 1655 Verbum
525 1595 746 1674 παροιμνάμιιτω,
767 1603 938 1672 suspectum
958 1598 1133 1659 Schneidero
1154 1599 1183 1657 in
1204 1600 1275 1658 Lex.
1296 1601 1421 1658 hicnon

294 1689 350 1746 nisi
376 1689 556 1746 intransitive
583 1689 647 1762 oapi
679 1695 789 1762 potest,
823 1695 856 1747 ut
880 1688 1093 1767 aepcyvdpnreu
1117 1692 1220 1765 Odyss.
1246 1692 1291 1751 IX
1315 1701 1363 1753 80.
1392 1697 1420 1750 et

296 1787 449 1855 cognatum
470 1778 693 1858 αορακάματειν,
713 1780 903 1859 huardum-eur
926 1789 980 1842 etc.
1011 1785 1074 1844 Ηοο
1092 1801 1146 1857 per
1166 1801 1197 1843 se
1217 1802 1274 1844 non
1295 1785 1420 1844 incredi-
1503 1835 1504 1838 ,

296 1879 370 1950 biie;
393 1878 449 1949 sed
470 1878 512 1936 sic
531 1884 597 1951 post
612 1875 768 1935 Ὑακίνθου
788 1878 930 1950 quaedam
950 1878 1052 1938 deesse
1073 1878 1219 1951 videntur,
1244 1885 1277 1936 ut
1297 1880 1418 1938 miratus
1503 1919 1504 1938 ι

295 1972 595 2055 Minervaestatuam‚
616 1988 681 2031 mox
695 1978 946 2045 transgressus
961 1971 1153 2045 Hyacinthi
1172 1973 1324 2044 signum,
1346 1974 1419 2032 alio

296 2067 371 2124 iter
385 2065 593 2136 inflectens,
608 2066 706 2123 nescio
718 2081 774 2137 qno
786 2081 817 2122 se
828 2066 983 2124 contulisse
994 2066 1108 2124 dicatur
1116 2066 1291 2124 Alexander.
1312 2066 1418 2124 Verum

295 2160 463 2232 relativum,
489 2158 564 2231 quod
585 2159 729 2229 sequitur,
757 2155 787 2215 ὅν
811 2177 881 2215 ποτε
907 2159 943 2217 dc
968 2175 1054 2217 versu
1078 2159 1162 2216 huius
1188 2175 1290 2217 seusus
1314 2159 1419 2218 omisso

297 2253 425 2324 cogitare
446 2252 492 2308 vix
517 2252 636 2323 patitur.
677 2251 717 2309 Et
741 2251 783 2309 uti
809 2253 926 2311 verbum
947 2251 1111 2328 διεμέτρεεν
1130 2269 1156 2311 v.
1178 2253 1242 2312 237.
1269 2267 1324 2325 per
1349 2246 1419 2308 ἔνθα

294 2342 357 2421 μὲν,
378 2339 451 2401 ἔνθα
471 2343 505 2402 δὲ
525 2345 636 2404 duobus
656 2346 817 2419 participiis
838 2347 917 2418 iungi
939 2352 1045 2419 potest,
1070 2348 1112 2404 ita
1130 2351 1226 2404 temen
1246 2351 1347 2418 aptum
1364 2361 1419 2404 non

297 2444 343 2496 est
361 2436 585 2516 παραγνάμψας,
607 2439 675 2510 qnia
697 2445 727 2497 et
746 2439 878 2499 absolute
897 2439 1022 2512 positum
1044 2445 1101 2510 est,
1127 2441 1157 2496 et
1175 2455 1228 2511 pro
1249 2439 1359 2496 aoristo
1380 2437 1420 2495 sic

296 2548 434 2605 praesens
455 2531 648 2590 desideratur.
679 2533 781 2604 Neque
802 2533 877 2590 euim
898 2532 934 2590 ab
949 2533 1091 2605 Apollinis
1112 2532 1195 2604 siguo
1211 2531 1249 2590 ad
1263 2531 1420 2604 Hyacinthi

295 2626 448 2698 imaginem
471 2630 522 2683 aut
542 2624 603 2683 vice
624 2640 708 2684 versa
729 2609 898 2684 deflectere:

334 2732 406 2796 ἔνθα
420 2734 453 2794 δὲ
470 2733 619 2813 Καρνείοιο
635 2740 686 2808 (sc.
702 2732 780 2802 εἶδος
793 2734 964 2814 θηεύμενος)
979 2732 1382 2813 παραγνάμψαςἻἎκινθον,

296 2856 383 2915 facile
403 2857 507 2929 potuit,
529 2856 634 2913 iunctis
655 2857 764 2927 potius,
787 2862 819 2913 ut
839 2855 989 2928 probabile
1010 2859 1068 2927 est,
1089 2855 1238 2925 utriusque
1258 2853 1364 2926 signis,
1386 2848 1419 2910 ci.

298 2952 422 3009 Pausau.
449 2949 562 3021 111193
589 2964 682 3021 neque
708 2949 781 3007 mori
805 2949 906 3008 horum
930 2954 1080 3023 poetarum
1102 2947 1247 3018 convenit,
1274 2946 1367 3005 multa
1387 2962 1421 3003 ex

156 3011 159 3022 Ι
213 3120 216 3128 ·
298 3043 448 3104 antecedd.
482 3044 627 3116 supplere.
673 3044 773 3115 Neque
806 3059 873 3102 vero
898 3043 952 3102 hoe
982 3042 1147 3101 coniectura
1177 3039 1292 3098 videtur
1319 3039 1421 3098 evitari

299 3157 393 3215 posse,
416 3139 507 3196 etsie
528 3138 593 3196 leet.
611 3136 678 3196 (lod.
693 3137 766 3196 Mut.
787 3136 983 3214 παραμνάψος,
1006 3134 1116 3194 duabus
1136 3133 1228 3191 literis
1250 3130 1279 3189 N
1293 3133 1322 3190 iu
1345 3131 1372 3190 A
1393 3136 1422 3190 et

303 3231 504 3293 dinastus
528 3231 718 3306 probabiliter
736 3231 869 3302 mutatis,
897 3229 994 3302 effingi
1017 3232 1115 3302 potest
1138 3227 1224 3286 lectio
1250 3243 1306 3284 nou
1334 3226 1422 3284 inele-

317 3347 367 3389 ans
387 3331 473 3388 haec:

297 3347 315 3402 g
451 3433 523 3495 ἔνθα
543 3434 577 3493 δὲ
598 3432 757 3511 Καρνείοιο,
777 3429 842 3508 παρ’
862 3430 1012 3508 ἀγλαΐας
1027 3428 1192 3487 Ὑάκινθον
1214 3429 1280 3500 [sic]

299 3557 420 3625 proptor
440 3553 690 3609 commemoratam
709 3561 775 3604 mox
789 3543 945 3616 Hyacinthi
965 3539 1207 3615 pulchritudinem
1227 3535 1422 3611 praeferenda

299 3647 378 3705 hum·
454 3731 527 3795 ἔνθα
546 3733 580 3793 δὲ
601 3729 750 3810 Ιίοιρνειῖιιο
769 3729 833 3808 παρ’
854 3723 1010 3804 ἀγλαΐας
1024 3723 1188 3784 Ὑακίνθθν
1209 3723 1274 3798 [δίο]

200 3889 203 3896 ·
298 3848 354 3906 uisi
368 3849 410 3904 sic
422 3847 505 3904 malis
520 3841 671 3921 Καρνείοιο
684 3845 749 3916 παρ’
766 3838 966 3916 ἀμκοίνοις,
983 3834 1157 3895 Ὑάκινθον.
1188 3833 1246 3893 Sed
1260 3833 1315 3892 hoc
1328 3834 1421 3905 magis

291 3940 410 4000 recedit
430 3947 460 3997 et
486 3941 591 3998 mulius
618 3943 663 3997 est
684 3935 821 3996 Goluthus
842 3934 872 3990 in
891 3932 1056 4006 usurpando
1077 3947 1136 3989 voe.
1159 3913 1270 4004 dyldia.
1313 3927 1418 3985 Verum

299 4035 345 4094 vel
359 4035 400 4094 sic
414 4034 576 4106 importuna
592 4037 637 4090 est
650 4032 701 4089 illa
717 4028 833 4102 ellipsis,
849 4027 891 4084 ita
906 4025 1018 4085 demum
1034 4025 1177 4096 evitanda,
1196 4023 1221 4082 si
1235 4021 1420 4094 participium
