3092 4662
518 651 906 738 ANNOTATIO
940 651 1226 738 ORITIOA.

387 850 502 910 Titulus
523 853 665 924 poematis
685 853 780 910 estin
799 850 846 910 M:
867 800 995 908 κῦλῦθοο
1016 854 1102 923 (corr.
1116 851 1149 911 M
1162 855 1203 920 2.)
1223 854 1340 930 ποιητοῦ
1355 855 1443 915 λυκο-

311 941 426 1001 πολιτοο
456 941 568 1022 ἁρπαγὴ
599 945 654 1016 (sic
673 945 706 1004 M
720 952 746 1004 2.
774 961 809 1004 ex
833 948 958 1023 αρπαγη)
984 946 1036 1023 τῆς·
1060 949 1124 1024 (της
1146 947 1187 1008 Μ.
1204 950 1242 1020 1.)
1270 944 1384 1024 ἑλένης;
1412 952 1442 1009 in

310 1037 401 1096 ALN
406 1038 446 1098 R:
463 1037 623 1098 κολλούθου
636 1039 752 1118 ποιητοῦ
765 1035 877 1118 άοπαγι)
891 1035 990 1118 ἐλένης
1004 1040 1072 1112 (nisi
1084 1040 1161 1112 quod
1172 1037 1316 1098 κολλύθοο
1329 1043 1357 1102 N
1368 1051 1441 1104 ante

311 1148 384 1192 corr.
399 1139 430 1193 et
446 1131 547 1211 ἐλένης
560 1134 613 1206 R);
642 1134 679 1206 Q:
708 1131 853 1190 κολοοθοο
878 1131 995 1209 ποιητοῦ
1021 1131 1085 1208 περὶ
1106 1133 1157 1210 τῆς
1176 1131 1307 1211 denarie
1325 1130 1442 1213 ἑλένηςς

182 1243 184 1249 “
312 1224 348 1285 0:
367 1225 431 1302 περὶ
444 1209 580 1303 άοπαηῆς
600 1227 651 1304 τῆς
669 1222 782 1303 ἑλένης;
804 1226 841 1285 W
863 1231 893 1285 et
913 1226 939 1285 G
959 1227 1027 1296 (uisi
1047 1225 1124 1298 quod
1144 1226 1192 1284 hic
1213 1224 1334 1302 θηβαίοο
1356 1227 1441 1287 λυκο-

309 1317 451 1389 πολίτου);
466 1317 610 1377 κολοῦθοο
621 1318 806 1377 λοκοπολίτοο
817 1317 940 1397 θηβαίου
950 1316 1085 1376 ἐποποιοῦ
1096 1315 1196 1397 ἑλένης
1205 1319 1331 1398 bocar&
1345 1322 1378 1382 S:
1389 1343 1441 1380 κο-

310 1409 399 1470 λῦθοο
413 1411 562 1470 λοκολίτοο
576 1411 700 1490 θηβαίοο
714 1409 849 1469 ἐποποιοῦ
863 1407 976 1490 donare)
991 1409 1105 1490 ἓλένης;
1126 1413 1163 1471 de
1177 1413 1202 1472 V
1215 1414 1287 1472 nihil
1300 1415 1330 1472 in
1343 1415 1441 1474 Vossii
1531 1427 1532 1440 ¹

309 1507 453 1580 excerptis
467 1512 613 1579 notatum3
632 1507 662 1564 in
676 1507 699 1564 P
714 1503 858 1564 κολούθοο
871 1503 970 1583 ἑλένης
983 1505 1095 1583 donari
1109 1508 1248 1580 scripturn
1261 1525 1327 1568 esse
1347 1507 1440 1569 refert

308 1602 411 1662 iuliani
437 1603 639 1677 apographon,
666 1603 694 1659 in
720 1602 800 1660 cuius
825 1607 922 1659 tamen
944 1602 1075 1676 margine
1095 1602 1223 1662 codicem
1249 1603 1439 1676 inscriptione

308 1712 408 1754 carere
422 1696 565 1756 annotavi.
597 1695 766 1755 Editionum
779 1696 878 1754 titulos
893 1696 1024 1754 consulto
1038 1696 1130 1755 omisi.
1165 1693 1309 1771 ΙΝὑρφαι
1323 1713 1359 1754 ex
1374 1693 1439 1771 νῦμ-
1531 1687 1532 1724 i

307 1816 361 1874 φαι
370 1797 403 1854 Μ
414 1804 455 1870 2.;
471 1796 573 1867 ξάθοιο
585 1799 607 1858 0
618 1806 686 1857 ante
696 1814 781 1868 corr„
791 1815 853 1873 ιερα
863 1797 896 1854 Μ
908 1803 934 1870 1,
950 1778 1014 1872 ῦερὰ
1024 1797 1056 1854 Μ
1067 1805 1092 1856 2.
1104 1829 1142 1840 -
1157 1795 1177 1856 2
1193 1796 1224 1853 ai
1232 1800 1263 1870 λι;
1280 1797 1318 1855 ad
1333 1793 1439 1874 νύμφαι

307 1893 435 1952 scholion
459 1892 489 1949 in
510 1892 549 1951 G:
576 1889 752 1948 ἐπικαλεῖται
775 1887 1037 1972 νύμφας-γείτονας
1057 1890 1107 1948 τοῦ
1131 1889 1202 1966 ὄρος
1217 1886 1275 1947 'loa
1297 1893 1382 1962 (sici)
1403 1891 1437 1950 ἐν

303 1985 390 2066 χάριρ
414 1984 520 2063 Τροίης,
542 1980 614 2043 ἔνθα
634 1983 650 2041 θ
672 1981 764 2060 Πάρις
784 1983 838 2050 τὰς
856 1983 930 2058 βοῦς·
949 1979 1093 2060 ἐνόμευεν,
1115 1989 1146 2043 et
1166 1983 1204 2042 ad
1223 1984 1351 2060 ποταμοῦ
1366 1983 1437 2042 Ξάν-
1531 1975 1532 2014 ³

306 2079 384 2139 coeo:
410 2077 443 2139 bv
459 2079 616 2158 βαθυδίνην
642 2077 718 2156 λέγει
735 2074 861 2156 Ὅμηρος
881 2076 919 2135 is.
941 2099 973 2154 φ.
993 2075 1106 2143 πλάσας
1130 2075 1178 2134 τὸν
1203 2077 1329 2152 ποταμὸν
1354 2077 1438 2155 ἀνδρὶ
1531 2095 1532 2114 ¹

305 2171 454 2249 εἶπάμενον
467 2171 651 2251 φθέγγεσθαι
669 2170 741 2249 πρὸς
760 2169 893 2249 Ἀχιλλέα,
913 2169 948 2237 ὃς
961 2169 1151 2248 άαειβόμενος
1165 2168 1355 2248 Σκάμανδρον
1375 2171 1436 2230 διο·

305 2265 416 2344 τρεφέα
425 2265 610 2324 άποκαλεῖται
623 2263 672 2323 τὸν
685 2265 821 2340 ποταμόν.
836 2299 867 2308 -
883 2265 902 2326 3
913 2266 1087 2344 πατρώηισιν
1098 2267 1145 2338 Μ;
1161 2264 1207 2322 ἐπι
1216 2266 1249 2326 Μ
1261 2273 1296 2340 1.,
1308 2263 1353 2324 ἐπὶ
1362 2268 1395 2326 Μ
1405 2275 1434 2340 2,

305 2358 382 2417 unde
394 2365 568 2432 receperunt
584 2357 677 2417 Bekk.
693 2364 723 2416 et
743 2359 808 2417 add.
824 2375 907 2432 racc,
928 2356 970 2416 ἐνι
989 2360 1058 2432 NQ,
1079 2356 1121 2417 ἑνὶ
1142 2360 1180 2429 0,
1204 2356 1246 2417 ἐνὶ
1264 2361 1328 2418 rell.
1350 2360 1433 2434 dett,

305 2451 382 2524 quod
401 2450 532 2510 defendit
544 2452 649 2526 Popon
665 2452 743 2527 apud
758 2451 903 2512 Graefium
921 2471 949 2526 p.
965 2461 1030 2526 242,
1044 2452 1182 2520 feliciter,
1195 2454 1290 2512 iudice
1306 2453 1432 2516 Graeiio.

304 2538 436 2624 ψαμάθοι
449 2546 472 2605 (λ
486 2553 553 2605 ante
573 2563 647 2606 corr.
665 2579 692 2587 -
717 2545 851 2625 4χῶρον
869 2547 903 2604 Μ
919 2555 959 2618 1.;
981 2545 1100 2624 ιδαίησιν
1120 2548 1153 2606 Μ
1168 2555 1193 2618 1,
1216 2546 1335 2626 ῖδαῖησιν
1355 2549 1388 2608 Μ
1402 2556 1432 2622 2,

304 2637 408 2718 ἰδέησιν
430 2641 470 2713 Q,
489 2635 682 2698 ἐπεντοναοθε
701 2641 734 2699 Μ
749 2648 775 2713 1,
796 2641 842 2698 cui
862 2639 1038 2698 αντελλεσθε
1056 2643 1261 2714 suprascripsit
1274 2642 1307 2699 M
1322 2650 1358 2715 2.,
1380 2639 1426 2700 ἐπ’

304 2732 462 2794 ἀντέλεσθε
481 2734 585 2807 LNR,
611 2731 835 2792 ἐπαντέλλεοθαι
854 2735 905 2807 W,
930 2732 1138 2793 ἐπαντέλεοθαι
1163 2739 1212 2806 (ex
1232 2731 1277 2793 ἐπ’
1301 2735 1376 2808 ἀντ.)
1397 2737 1431 2810 0,

303 2825 497 2886 ἐπαντέλεοθε
523 2830 559 2901 Q,
590 2824 800 2885 ἐπαντέλλεοθε
825 2828 887 2886 rell.
901 2827 980 2904 dett.
1007 2835 1037 2886 et
1061 2828 1126 2887 edd.
1153 2834 1221 2887 ante
1246 2829 1355 2903 Bekis,
1379 2833 1431 2902 qui

302 2922 475 2981 Mutinensis
501 2922 625 2993 vestigia
648 2911 783 2995 premens
809 2919 1000 2978 ἐπεντύνεοθε
1020 2938 1038 2980 a
1057 2922 1176 2994 reliquis
1203 2922 1363 2982 editoribus
1384 2939 1430 2982 re·

303 3020 418 3089 ceptum
439 3015 531 3074 edidit
551 3015 656 3074 collato
676 3014 853 3074 Callimacho
878 3015 906 3073 h.
928 3016 957 3072 in
977 3014 1065 3088 Ape
1092 3014 1121 3073 oi
1139 3013 1173 3073 δὲ
1193 3013 1251 3072 νέοι
1267 3013 1376 3095 μολπήν
1396 3033 1449 3074 τε·

305 3107 354 3165 καλ
372 3106 411 3174 ἐς
428 3107 538 3187 χορὸν
558 3105 757 3171 ἐντύνεοθε
777 3113 807 3166 at
824 3108 944 3167 Moscho
958 3107 1028 3166 Eur.
1041 3115 1077 3168 30
1098 3112 1180 3186 τῇσιν
1198 3106 1244 3166 ἀεὶ
1257 3106 1428 3186 σονάθορεν,

302 3199 350 3261 ὅτ’
375 3199 413 3267 ἐς
435 3201 548 3281 χορὸν
572 3198 770 3259 ἐντύναιτο.
812 3202 921 3261 Contra
946 3217 1031 3273 quem
1056 3199 1166 3260 frustra
1192 3201 1291 3262 Graes.
1312 3221 1340 3276 p.
1356 3211 1427 3263 241:
1527 3207 1528 3232 ³

304 3299 366 3358 »Ab
393 3297 566 3357 auctoritate
591 3295 661 3356 Ood.
682 3295 756 3355 Mut.
777 3295 887 3369 pendat
913 3294 1052 3355 iudicium
1079 3294 1116 3353 de
1142 3293 1244 3368 verbo,
1270 3295 1347 3367 quod
1368 3303 1428 3354 v.4

300 3391 455 3467 legendum
476 3396 529 3450 est.
568 3390 643 3449 Nam
663 3385 875 3446 ἐπαντέλλεσθε
895 3389 1011 3461 poetica
1037 3389 1163 3460 imagine
1184 3404 1216 3447 se
1237 3389 1426 3463 commendat,

300 3502 394 3558 neque
415 3485 518 3543 dubius
533 3488 579 3542 est
597 3499 666 3541 usus
680 3481 768 3541 medii
789 3478 930 3558 re'iiopac,
951 3483 1033 3540 Aret.
1054 3482 1106 3540 Pb.
1122 3489 1187 3540 285.
1209 3489 1289 3554 382.;
1310 3478 1426 3540 encard-

301 3578 389 3637 νεοθε
414 3595 436 3637 s.
457 3573 650 3634 ἐπεντύνασθε
676 3575 745 3635 Ood.
767 3581 873 3633 tuetur.
911 3574 1080 3635 Callimachi
1112 3576 1212 3634 similis
1243 3577 1324 3636 locus
1351 3579 1424 3638 nihil

304 3673 418 3732 evincit.
452 3671 548 3728 Multa
569 3670 645 3728 eninr
665 3685 683 3726 a
701 3669 799 3728 muibs
813 3669 946 3728 similiter
969 3670 1025 3728 dici
1044 3675 1211 3743 potuerunt,
1231 3678 1263 3729 ut
1282 3665 1317 3734 ἐς
1332 3669 1427 3749 χορὸν

301 3761 461 3842 ὀτρύνεσθε
480 3782 506 3823 v.
521 3772 576 3824 415
591 3781 610 3823 a
623 3763 823 3838 Trypbiodoro
836 3765 973 3823 dictum«.
1004 3764 1086 3823 Haeo
1100 3763 1242 3838 (tractus,
1263 3766 1312 3836 qui
1326 3782 1355 3838 p.
1369 3772 1426 3825 242

300 3859 396 3918 addit:
423 3859 602 3918 »Difficultas
623 3864 748 3931 augetur
768 3859 839 3917 mire
860 3858 1018 3917 coniunctis
1038 3874 1115 3918 voco.
1135 3857 1230 3937 χορός
1251 3863 1281 3917 et
1297 3861 1440 3936 χορεῖαι,·

302 3968 377 4026 quae
396 3968 443 4010 ras
464 3953 548 4010 simui
568 3953 606 4011 ad
627 3952 745 4011 verbum
770 3952 1002 4011 constituendum
1027 3950 1106 4012 iacit.
1146 3953 1232 4011 Prius
1252 3952 1289 4011 de
1310 3954 1426 4012 saita-

300 4046 413 4119 tione,
434 4046 556 4104 alterurn
577 4045 614 4104 de
635 4045 859 4105 carminibus
885 4046 1017 4119 argutius
1036 4062 1122 4118 quam
1143 4047 1240 4106 verius
1261 4046 1426 4120 accipiebat
