3078 4654
738 284 949 348 „82-

274 467 370 547 μένων
394 466 525 544 ἐρετάων
550 461 718 528 dubitanter
741 469 810 529 olim
829 470 953 530 coniecit
971 469 1092 542 Lanuep
1118 468 1224 528 ochato
1253 467 1415 540 Apollonio

276 562 391 624 Rhodio
411 561 440 620 Π
460 568 516 622 555
531 577 607 633 sqq.:
634 557 741 638 Δινηέις
761 559 786 617 δ’
808 559 964 636 ὑπένερθεν
984 556 1198 626 ἀνακλύζεσκεν
1224 557 1323 616 ἰοῦσαν
1344 558 1412 638 Νῆα

274 652 361 731 ῥόος,
391 651 494 712 πολλδν
520 651 554 712 δὲ
579 651 666 730 φόβῳ
690 651 859 731 προτέρωσε
884 651 991 712 νέοντο.
1028 646 1095 730 Ἤδη
1123 650 1160 710 δέ
1188 671 1270 729 σφισι
1301 650 1413 718 δοῦπος

277 745 534 824 ἀρασσομένων
558 745 720 824 πετράων
746 744 882 822 Νωλεμλς
905 740 989 803 οὔατ’
1013 741 1133 820 ἔβαλλε,
1157 745 1239 821 βόων
1261 745 1287 803 δ’
1309 744 1411 822 ἁλιμο·

274 835 346 915 ρέες
365 836 460 898 ἀκταί.
486 838 700 917 Ἰξοεσσομένων
719 857 773 913 pro
792 836 1083 916 ἐρεσσόντωνροείῐο
1106 839 1231 899 offensus
1256 855 1312 912 ego
1338 840 1410 898 olim
1514 847 1515 898 ἴ

278 928 468 1009 ἐπειγομένων
488 935 607 1008 conieci,
628 935 681 994 sed
700 951 775 993 nunc
794 935 942 1007 rudgatum
961 934 1077 1006 retinui,
1100 933 1188 991 etiam
1202 934 1272 1004 quia
1286 929 1411 1008 έρεσσο-
1514 999 1515 1018 η

275 1022 371 1102 μένων
395 1021 541 1102 ἐρετμῶν,
566 1027 667 1086 similis
687 1027 810 1100 locutio,
836 1027 951 1100 passivo
975 1026 1043 1084 licet
1068 1041 1170 1097 sensu,
1196 1023 1272 1084 infra
1298 1043 1325 1085 ν.
1349 1031 1406 1084 229
1514 1093 1515 1108 η

278 1119 412 1179 occurrit.
434 1150 471 1162 -
492 1119 548 1180 211
568 1139 665 1196 τοφρα
685 1118 719 1178 δε
737 1121 784 1191 Μ,
806 1117 902 1195 τόφρα
922 1122 989 1189 (om.
1010 1116 1056 1188 δέ)
1078 1119 1116 1190 Q,
1137 1116 1236 1196 τόφρα
1258 1117 1307 1175 καλ
1329 1119 1356 1178 G
1377 1123 1408 1176 et

279 1213 345 1274 edd.
360 1219 428 1272 ante
441 1212 581 1288 Lennep.,
602 1215 652 1286 qui
664 1213 841 1284 reliquorum
860 1213 990 1272 codicum
1009 1211 1163 1271 lectionem
1185 1211 1282 1290 τόφρα
1304 1211 1339 1269 δὲ
1359 1227 1405 1271 rc-

278 1308 365 1381 cepit.
396 1304 548 1382 δαρδοὶνιον
561 1307 595 1382 V,
616 1305 790 1384 δαρδανίδην
804 1306 846 1378 Μ,
866 1305 943 1364 uude
957 1302 1115 1382 Δαρδανίην
1135 1305 1321 1364 scribendum
1342 1321 1407 1364 esse

278 1400 351 1462 vidit
371 1400 530 1460 Schneider
550 1419 578 1474 p.
593 1408 658 1470 426,
681 1399 790 1459 collato
811 1417 837 1457 v.
859 1406 931 1472 390,
951 1400 1002 1459 11111
1020 1399 1054 1457 M
1073 1399 1143 1456 item
1164 1397 1338 1475 δαρδανίδης
1358 1415 1411 1472 pro

279 1491 440 1571 Δαρδανίης
461 1495 586 1553 exhibet.
618 1492 775 1572 Δαοδοὶνιον
796 1494 859 1555 rell.
881 1493 964 1556 codd.
986 1498 1016 1552 ct
1036 1493 1102 1552 edd.
1123 1509 1222 1552 omnes
1243 1493 1312 1564 (nisi
1332 1491 1410 1564 quod

279 1585 432 1663 δάρδανιον
457 1589 500 1657 l).
543 1585 699 1664 Δαρδανίην
725 1586 859 1660 probavit
885 1588 973 1645 etiam
1000 1586 1112 1645 Tiedke
1141 1587 1172 1644 iu
1197 1586 1308 1645 Herma
1330 1586 1411 1657 XIII,

278 1697 309 1754 p.
323 1681 389 1751 213,
410 1694 475 1736 cum
490 1677 639 1736 Gallutbus
653 1680 786 1739 Nonnum
801 1684 918 1739 secutus
939 1680 1065 1751 alioquin
1086 1685 1321 1754 proparcxytona
1342 1685 1411 1738 ante

279 1785 430 1832 caesuram
449 1771 531 1830 tertii
550 1771 633 1844 pedis
654 1772 843 1830 masculinam
864 1788 972 1845 ponere
993 1788 1050 1831 nou
1070 1771 1108 1830 sit
1128 1773 1241 1830 solitus.
1263 1805 1298 1814 -
1320 1767 1410 1836 οὐδὸς

277 1864 405 1942 ἀμείβων
418 1863 465 1934 Μ;
489 1895 521 1906 -·
544 1861 605 1922 212
627 1863 863 1940 ὶσοιμαρίδοςιΜ;
883 1863 1040 1941 παοαπλόω
1054 1864 1097 1936 Μ,
1116 1863 1289 1940 παραπλέων
1312 1866 1352 1937 Q3
1374 1895 1422 1908 --
1514 1895 1515 1902 ,

279 1955 339 2018 213
360 1955 394 2016 δε
413 1958 459 2030 Μ;
480 1956 620 2046 δρηικίοιο
637 1959 683 2032 Μ,
705 1958 792 2017 sed'
777 1981 786 2016 ι
807 1976 842 2018 ex
863 1955 1412 2035 0011,δρηκιοιοΑ,δρηῑκὶοῖοὸΜ,

280 2085 413 2163 δρηῑκοῖο
437 2085 506 2156 PV,
533 2083 664 2162 δρηκίοιο
690 2085 760 2156 (sed
786 2107 803 2163 η
828 2103 846 2146 a
871 2092 955 2144 1112.
982 2101 1018 2142 ex
1042 2086 1194 2158 ocrr.)Q,
1221 2084 1353 2163 δρηΐκοιο
1380 2085 1411 2158 (1,

283 2210 416 2289 δρηϊκίοιν
434 2213 476 2286 N,
502 2209 747 2288 δρηικιονΒμ
766 2208 914 2288 μετούρεα
932 2211 966 2268 Μ
972 2211 1141 2289 ,pseudopro
1162 2210 1291 2282 OPQW
1310 2231 1412 2288 11,με-

284 2337 389 2412 ταορία
402 2337 525 2395 ALNR
531 2333 760 2413 ,,μετάρροιαῖ
771 2303 933 2415 μετάρροιοι
949 2339 977 2412 S
990 2338 1205 2417 μετάῤῥισιαλ,
1216 2356 1362 2414 peropaca
1377 2338 1412 2411 G

285 2434 318 2488 ut
337 2429 489 2488 voluerunt
505 2429 682 2502 Anonymus,
702 2430 862 2504 Brodaeus,
882 2430 1020 2490 Neandcr
1040 2433 1081 2503 (in
1102 2435 1215 2504 margi,
1236 2432 1412 2505 Stephanus,

286 2539 357 2595 quos
377 2523 553 2595 vituperavit
572 2522 746 2594 Dorvillius,
771 2523 895 2584 Aldinae
921 2524 1057 2584 editionis
1082 2527 1235 2583 lectionem
1256 2523 1414 2603 μεταδρίο,

287 2617 365 2690 quod
384 2622 515 2677 veterum
534 2633 614 2676 more
633 2634 687 2690 pro
708 2616 853 2694 percipio
878 2617 1016 2690 scriptum
1036 2618 1173 2691 putabat,
1199 2619 1412 2679 commendans.

285 2711 326 2770 Et
351 2711 506 2772 obsecutus
532 2717 578 2768 est
596 2709 725 2783 Lennep.
763 2708 840 2784 μετὰ
862 2708 913 2786 ριὀι
937 2710 1098 2770 aLehrsio
1124 2726 1238 2782 quoque
1262 2719 1414 2786 receptum

287 2805 378 2864 tacite
399 2803 492 2862 edidit
511 2802 642 2874 Bekker,
667 2802 809 2875 probante
828 2803 858 2860 iu
882 2803 958 2862 uotis
977 2803 1103 2877 Iuliano,
1130 2805 1229 2876 quiin
1247 2811 1332 2863 textu
1349 2807 1413 2882 μετ’

287 2891 377 2973 οὔρεσι
397 2895 539 2975 ediderat
558 2925 596 2936 -
616 2892 678 2951 214
697 2891 834 2970 φύλλιδος
853 2896 899 2968 Μ;
920 2893 1074 2953 δντέλοντα
1087 2896 1133 2968 Μ;
1155 2897 1301 2957 »Brodaei
1319 2899 1414 2958 conie-

289 2996 401 3050 cturam
421 2985 603 3044 δνδάλλοντα
617 2987 805 3060 emendantis,
826 2989 903 3060 quod
917 2989 954 3047 de
968 2991 1103 3062 sepulcro
1117 2991 1257 3064 Phyllidis
1272 2993 1302 3048 in
1316 3009 1414 3066 amyg-

290 3083 389 3142 dalum
403 3096 505 3140 uersae
518 3081 710 3154 intelligebat,
731 3087 844 3140 acutam
858 3083 951 3154 magis
965 3099 1051 3154 quam
1064 3099 1162 3142 veram
1176 3091 1256 3158 puto.
1287 3087 1414 3146 Notissi-

287 3191 365 3234 mum
385 3173 504 3234 verbum
525 3167 694 3246 ἀνατέλλειν,
715 3169 878 3247 ἐπιτέλλειν,
899 3170 1080 3254 ἀνέρχεσθαι
1100 3177 1137 3235 δε
1152 3178 1208 3235 illis
1222 3177 1319 3251 rebus,
1341 3195 1414 3250 quas

290 3269 401 3329 eminus
427 3281 570 3340 apparere
596 3272 625 3324 et
649 3267 757 3324 sensim
776 3268 939 3339 sensimque
964 3271 1047 3340 quasi
1066 3271 1136 3329 oriri
1155 3270 1298 3343 ridemus,
1325 3287 1415 3344 saepe

289 3362 369 3437 apud
382 3362 540 3421 Homerum
554 3361 683 3432 aliosque
696 3362 836 3434 reperies.
856 3361 924 3435 Ipse
938 3361 1076 3421 Goluthus
1091 3379 1158 3422 mox
1170 3380 1197 3420 v.
1209 3370 1274 3422 215.
1289 3379 1315 3422 v.
1328 3366 1414 3423 212(

288 3457 442 3528 Lennep.
463 3450 545 3532 φιλην
560 3451 630 3531 ὄρος
643 3454 684 3526 Μ,
704 3451 856 3530 φιλήνορος
874 3455 939 3512 rell.
960 3454 1044 3514 codd.
1067 3463 1097 3514 et
1116 3455 1192 3524 edd„
1213 3455 1291 3527 quod
1311 3461 1415 3516 contra

288 3547 454 3606 Brodaoum
474 3547 778 3618 Falkcnburgiumque
802 3543 957 3623 φιλητορος
981 3548 1103 3607 rescribi
1127 3548 1259 3607 iubentes
1284 3547 1417 3628 defendit
1514 3551 1515 3554 ’

289 3639 489 3710 Dausqucius3
515 3642 546 3696 et
570 3634 699 3714 φιληνωρ
722 3637 799 3694 idem
824 3654 888 3696 esse
915 3654 949 3696 ac
970 3639 1126 3714 φίλανδρος
1151 3641 1264 3712 putavit
1283 3639 1414 3714 Lennep.

291 3765 328 3776 —
342 3729 452 3809 έδρακε
465 3733 511 3805 Μ;
527 3765 560 3774 -
579 3730 638 3791 215
659 3731 765 3808 δρομον
784 3731 973 3790 εννεακοκλον
991 3734 1057 3804 (sed
1070 3751 1159 3806 supra
1171 3734 1251 3806 prius
1264 3751 1281 3789 ε
1294 3735 1415 3806 spiritus

292 3842 392 3884 erasus
413 3829 469 3896 est)
488 3825 534 3896 M;
555 3823 696 3904 αλημονος
713 3827 759 3897 Μ,
780 3821 940 3901 ἀλκύμονος
954 3828 991 3899 Q?
1012 3826 1073 3885 εἰδὲ
1085 3829 1132 3900 Μ;
1154 3828 1277 3886 »Melius
1294 3826 1415 3887 dixisset

290 3917 405 3993 opinor:
427 3915 475 3972 καλ
494 3915 602 3993 δρόμον
623 3914 813 3976 ἐννεάκυκλον
834 3914 975 3996 ἀλήμονος
994 3917 1054 3976 εἶδε
1073 3918 1231 3978 κέλευδονι
1252 3921 1414 3995 Lennsp,
1514 3977 1515 3986 ,

293 4012 375 4071 cuius
396 4011 590 4069 coniecturam
610 4011 647 4069 ab
668 4010 802 4069 Harlesio
824 4026 936 4082 quoque
956 4018 1084 4085 sprctam
1107 4011 1212 4070 falsam
1232 4028 1296 4071 esse
1317 4013 1415 4085 arguit
