3078 4654
614 272 847 335 -119-

164 458 285 537 κεράων
303 465 385 519 recte
406 456 435 516 δ’
454 458 586 526 inseruit,
607 462 638 516 et
657 455 769 533 κόσμος
789 473 842 530 pro
857 457 960 535 κόσμῳ
974 459 1048 530 ext}
1069 459 1189 532 recepit,
1210 475 1294 534 prce-

165 561 251 613 terea
272 553 319 611 νῢν
339 570 392 626 pro
413 550 470 624 νύξ,
492 552 676 612 anacolntbia
696 551 886 625 intolerabili,
912 558 945 610 ut
963 559 1045 612 recte
1057 553 1175 612 monuit
1194 569 1296 612 censor

167 648 381 720 Gottingensis,
403 653 432 705 et
451 643 512 724 ἠώς
532 643 674 724 ἐρχομένη
695 646 720 718 Q
740 645 845 704 librum
870 651 987 704 secutus
1009 645 1116 718 edidit;
1142 651 1297 720 praetcrea

167 742 216 800 vel
240 737 384 818 μετηορον
410 739 616 798 adverbialiter
640 739 766 812 positum
792 739 834 810 (in
859 738 993 810 sublime)
1020 740 1066 798 vel
1088 737 1297 818 perioche-ad

167 831 234 912 ηὼς
253 833 453 906 referendum,
481 837 511 892 et
530 850 583 906 pro
604 827 718 890 ὤπασεν
739 830 855 889 ἵππασεν
876 831 1058 890 scribendum
1080 848 1144 891 esse
1165 833 1296 892 coniecit

169 928 290 987 Belrker
303 945 321 987 a
334 929 453 1001 vulgata
466 929 610 1000 scriptura
623 943 680 986 non
693 926 822 998 recessit,
842 927 896 983 nisi
911 926 987 997 quod
1002 923 1046 1004 ἠῶ
1061 921 1223 1004 ἀρχομένην
1237 926 1297 986 edi·

169 1021 224 1080 dit.
257 1021 365 1081 Censor
381 1021 578 1094 Gottingensis
600 1014 691 1077 ὤπασ’
712 1015 746 1084 ἐς
765 1016 808 1096 ἠῶ
827 1015 988 1097 ἐρχομένην
1008 1020 1054 1077 vel
1073 1026 1194 1092 propter
1213 1021 1296 1079 vitio·

171 1132 235 1174 sam
256 1116 403 1174 elisionem
423 1116 547 1188 pessime
568 1115 704 1187 coniecit,
725 1113 866 1172 Helenam
891 1114 929 1171 ad
949 1130 1072 1186 sequens
1099 1129 1184 1173 mane
1204 1114 1294 1173 auda-

169 1211 278 1269 ciorem
300 1206 463 1285 (μετηορον)
481 1207 587 1266 factam
609 1223 672 1266 esse
693 1208 799 1266 volens.
830 1207 902 1265 Tum
923 1206 1053 1266 Graefius
1074 1226 1101 1281 p.
1123 1214 1194 1267 255:
1217 1208 1294 1266 »sd-

169 1306 288 1365 modum
308 1305 435 1363 ieinnnm
461 1308 506 1362 cst
531 1300 580 1371 νὺξ
599 1298 714 1362 ὤπασεν
739 1300 782 1380 ἠῶ
807 1304 854 1362 vel
875 1301 1008 1361 Oollutho
1031 1302 1181 1374 indignum
1206 1301 1295 1372 [quod

169 1405 303 1458 senserat
322 1398 412 1457 etiam
426 1395 570 1470 Lennepl,
590 1397 677 1469 paulo
698 1396 799 1454 melius
821 1401 899 1453 esset
919 1389 1049 1452 ὤπλισεν.
1080 1395 1187 1453 Verum
1208 1395 1296 1454 lectio

170 1491 240 1552 ond.
262 1492 303 1550 M.
330 1507 394 1549 cum
414 1491 541 1561 antiquis
562 1488 627 1547 edd.
653 1494 835 1561 comparata,
860 1485 945 1556 fecit,
970 1493 1003 1546 nt
1027 1489 1181 1560 legendum
1202 1488 1294 1561 suspi-

169 1602 268 1644 carer:

323 1721 375 1792 νὺξ
392 1721 434 1798 δέ,
454 1722 547 1781 πόνων
568 1721 703 1800 ἄμπαυμα
721 1720 784 1798 μετ’
804 1719 909 1798 ἠελίοιο
930 1720 1099 1795 κελεύθους,

325 1814 410 1876 ὤπνον
429 1817 641 1895 ἐλαφριζεσκε
661 1815 837 1894 παρῄορον·
859 1811 977 1892 αῶχοισε
997 1816 1029 1872 δ’
1049 1813 1110 1894 ἠὼς

324 1910 477 1991 croeso·

169 2058 351 2129 Exquisitam
371 2059 437 2116 lect.
456 2056 525 2117 cod.
539 2059 571 2116 M
585 2052 667 2116 ὕπνον
686 2055 841 2136 παρῄορον,
863 2073 999 2125 somnum,
1020 2055 1113 2114 noctis
1133 2055 1247 2114 levem
1267 2061 1298 2114 ct

171 2152 286 2211 veluti
301 2151 553 2210 lascivientem
575 2153 749 2222 comitem,
771 2153 884 2212 omnino
898 2149 1120 2225 praeferendum
1135 2149 1294 2208 existimo«

170 2245 319 2303 Hermann
339 2263 366 2317 p.
388 2252 433 2316 21,
455 2261 538 2316 quem
559 2254 676 2304 secutus
697 2251 743 2304 est
761 2246 864 2314 Lehrs,
885 2242 937 2313 νύξ
953 2245 1080 2312 retinuit,
1102 2248 1133 2303 et
1151 2241 1297 2323 παοῄορον

173 2333 288 2395 ὤπασεν
311 2334 360 2414 ἠοῖ
377 2335 522 2416 ἀρχομένη
546 2340 634 2397 scribi
654 2341 751 2408 iussit,
778 2341 846 2410 quin
868 2340 1014 2398 »Helenae
1034 2340 1144 2397 scilieet
1166 2356 1223 2398 nox
1243 2337 1296 2396 sub

172 2449 306 2491 auroram
325 2430 407 2488 dedit
420 2447 549 2489 somnum
562 2433 748 2503 inquietum«
775 2433 934 2491 Praeterea
952 2434 1056 2494 collato
1071 2433 1226 2492 Homerico
1246 2432 1301 2510 illo¹

169 2524 257 2604 χάρις
282 2522 310 2580 δ’
336 2522 516 2598 ἀπελάμπετο
545 2523 632 2602 πολλή
660 2526 746 2583 etiam
774 2523 889 2601 κεράων
919 2525 947 2582 δ’
976 2524 1158 2601 ἀπελάμπετο
1184 2525 1295 2602 κόσμος

171 2617 395 2688 commendavit,
419 2617 559 2690 probatus
580 2618 755 2678 Schneidero
780 2637 809 2692 p.
830 2628 901 2693 430,
926 2626 1042 2678 secutus
1063 2637 1081 2678 a
1102 2620 1237 2690 Lehrsio‚
1266 2626 1296 2677 ct

170 2718 329 2786 praeeunte
355 2719 474 2783 praeter
497 2711 639 2771 Iulianum
665 2713 752 2770 etiam
778 2713 893 2772 Graefio
918 2732 946 2787 p.
975 2721 1039 2774 255.
1072 2747 1106 2757 -
1138 2712 1297 2773 Schneider

170 2825 198 2880 p.
214 2806 313 2865 429111
329 2806 503 2863 Mutinensis
524 2806 592 2865 libri
612 2807 761 2879 scripturis
782 2805 1016 2884 ὑποτραφίζοοσα
1036 2814 1065 2866 et
1085 2802 1189 2864 ὤπασα
1209 2801 1239 2862 δ’
1252 2803 1297 2883 η’ὤ

172 2902 244 2960 nihil
262 2903 354 2960 latere
375 2907 455 2958 recte
476 2901 616 2970 indicans,
636 2903 757 2960 alteram
778 2918 891 2973 quoque
910 2902 995 2960 huius
1016 2902 1123 2962 codicis
1143 2903 1297 2960 lectionem

171 2992 322 3072 παρήορον,
350 3011 435 3066 quam
452 2995 609 3068 Hermann,
629 2997 759 3055 Helenae
780 2996 878 3055 dicens
899 3003 1012 3056 noctem
1033 2997 1149 3055 dedisse
1167 3012 1297 3055 somnum

171 3089 383 3161 inquietum,
403 3089 545 3160 probavit,
565 3095 644 3147 recte
665 3091 776 3161 reiecit,
796 3106 862 3148 nam
885 3090 939 3147 ade
952 3090 1065 3148 Helena
1082 3093 1154 3149 hnec
1173 3089 1297 3161 intelligi

173 3183 299 3241 voluisse
320 3188 436 3254 poetam
455 3199 493 3240 nc
512 3198 567 3239 nno
589 3182 705 3254 quidem
725 3183 813 3242 verbo
833 3183 990 3241 indicatum
1011 3189 1064 3255 est,
1087 3185 1144 3241 imo
1165 3197 1240 3254 qnae
1260 3181 1298 3240 de

171 3276 283 3334 duabus
304 3277 478 3334 somniorum
499 3277 590 3347 portis
611 3292 677 3334 mox
701 3276 836 3334 dicuntur
861 3277 938 3334 clare
965 3276 1069 3334 docent
1089 3277 1147 3348 [lt]
1176 3291 1297 3347 genera-

171 3369 240 3428 liter
259 3369 332 3428 haec
353 3370 449 3428 omnia
470 3385 533 3427 esse
554 3368 633 3426 dicta
653 3369 690 3427 nd
710 3369 894 3427 indicandum
908 3375 1021 3442 tempus
1036 3385 1092 3440 quo
1106 3385 1169 3427 cum
1184 3369 1297 3428 Helena

170 3464 254 3521 Paris
271 3463 352 3521 abiit.
373 3463 533 3521 arctissime
549 3465 622 3521 enim
641 3464 713 3522 haec
728 3481 791 3521 cum
806 3481 831 3520 v.
846 3470 902 3522 322
918 3463 1064 3534 [editionis
1079 3463 1296 3536 Beklrerinnae}

172 3557 337 3628 cohaerent,
361 3562 394 3614 ut
414 3563 483 3614 ante
501 3556 577 3612 hunc
597 3571 709 3612 versum
730 3553 914 3613 incidendum
934 3555 972 3613 sit
992 3572 1048 3614 non
1068 3556 1192 3614 maxima
1211 3557 1298 3614 inter·

170 3649 338 3722 punctione,
364 3650 415 3706 sed
441 3649 553 3722 media,
579 3649 655 3721 quod
681 3650 705 3707 si
725 3650 762 3707 ad
783 3664 882 3707 omnes
907 3649 1037 3727 homines
1060 3647 1229 3708 referendus
1251 3655 1297 3708 est

173 3737 262 3806 ὤπνος
281 3743 330 3800 ille
349 3739 508 3819 παρήορος,
533 3749 617 3816 patet
640 3760 697 3802 non
722 3749 821 3814 aptum
842 3759 907 3800 esse
925 3741 1005 3800 istud
1026 3743 1116 3801 somni
1137 3743 1296 3816 epitheton.

170 3851 223 3894 nec
241 3836 335 3907 magis
355 3842 454 3908 aptum
474 3835 533 3894 dici
546 3842 644 3909 potest
654 3834 796 3914 μεπηορον
809 3836 861 3894 sed
875 3837 1054 3909 aptissimum
1069 3841 1113 3895 est
1125 3834 1297 3915 παρηχορον,

171 3929 245 4002 quod
267 3929 455 3988 eMntinensi
475 3932 599 3990 lectione
620 3931 790 3990 eliciendum
811 3935 972 4003 putamus«
1005 3931 1116 4005 Recepi
1135 3932 1210 3992 hanc
1229 3949 1295 3993 con·

170 4025 319 4097 iacturam,
340 4023 392 4083 sed
413 4039 488 4095 quae
506 4033 661 4099 praeterea
674 4025 795 4099 protulit
808 4025 975 4098 Schneider,
996 4027 1121 4100 probare
1135 4043 1191 4086 non
1204 4027 1296 4099 potui.
