3078 4654
579 340 809 403 -109-

132 525 187 568 om.
212 510 250 581 Q;
272 508 306 549 -”
327 506 390 566 330
417 503 582 584 ἀπάτερθεν
607 507 653 580 Μ,
679 503 840 584 ἑκάτερθεν
866 509 930 580 0P;
956 507 1001 565 ἐπι
1025 508 1163 581 MGLN3
1189 529 1255 586 προ-

132 599 264 678 θύροισιν
289 602 322 659 Μ
348 610 378 660 et
407 601 487 673 cdd,
518 598 694 678 προθύργγσιν
720 599 959 671 ALNQRSW,
988 600 1162 679 προθύρήσιν
1190 603 1255 674 οΡ;

132 693 274 769 ἐίήρύκειν
294 695 340 766 Μ;
368 727 402 735 -
428 692 486 751 331
510 689 641 770 ἐρμιονῆν
660 694 707 764 Μ,
732 689 865 771 ε’ρμιύνήν
887 694 922 767 (l,
943 691 1081 772 ἑρμιώνήν
1102 697 1140 768 Ρ;
1160 714 1256 753 στενο-

130 805 244 866 χοοσαν
257 789 299 859 Μ,
320 785 517 865 στονάχουσαν
540 803 574 844 ex
594 783 796 863 στανάχουσαν
813 786 849 858 03
869 785 1054 864 επειρήσαντο
1069 789 1114 860 Μ;
1137 822 1172 831 -
1193 787 1255 847 332

132 888 200 954 post
219 879 319 938 τέκνον
339 880 599 953 interpunctionem
621 879 719 936 notavi
741 895 776 936 ex
795 878 956 951 LNPQS;
978 879 1052 955 γόων
1066 882 1138 953 AQ,
1159 877 1256 959 ὠγεπο

132 976 174 1036 Μ.
214 975 284 1034 Post
309 975 383 1032 hunc
408 987 522 1031 versum
547 972 577 1029 in
596 971 628 1028 M
650 971 780 1043 sequitur
799 989 825 1029 v.
847 978 911 1030 345.
934 1004 970 1014 -
990 969 1050 1030 333
1077 971 1200 1052 νοστήσή
1222 975 1255 1042 G,

134 1067 267 1144 νοστείσή
283 1067 320 1136 03
341 1064 508 1140 παλίνορσον
523 1063 626 1134 Lon,
649 1061 710 1118 ἐπεὶ
730 1062 814 1121 codd.
836 1063 907 1122 dett.
930 1069 960 1121 et
981 1064 1044 1122 cdd.
1062 1072 1129 1123 ante
1143 1067 1258 1125 Bekke·

133 1178 211 1232 rum,
237 1161 285 1232 qui
311 1153 354 1216 ἔτι
374 1158 491 1230 scripsit
517 1174 553 1216 ex
575 1158 620 1228 M,
646 1158 674 1213 in
696 1172 751 1228 quo
778 1154 823 1213 ἐτι
843 1164 895 1216 est.
935 1155 1191 1237 κλαιουσάνοήσεις
1215 1161 1256 1231 Μ,

136 1253 293 1311 κλαίουσαν
319 1251 470 1322 (κλαίουσα
493 1251 520 1308 A
544 1255 611 1308 ante
638 1255 724 1321 corr.)
754 1248 848 1328 νοήσει
874 1250 956 1312 codd.
982 1252 1053 1310 dett.
1080 1259 1197 1326 praeter
1222 1254 1256 1326 G,

134 1354 165 1408 et
185 1346 251 1404 edd.
274 1352 341 1403 ante
354 1344 532 1415 Bekherum,
552 1349 669 1415 praeter
689 1342 798 1415 Steph,
818 1344 959 1415 Lectium‚
979 1344 1097 1403 Portum
1119 1354 1148 1404 et
1162 1347 1256 1404 Ecba·

134 1458 201 1499 num
215 1441 347 1511 Hessum,
368 1440 417 1509 qui
433 1438 509 1510 quod
527 1439 701 1510 AnonymuS,
722 1437 872 1495 Brodaeus
893 1444 922 1496 et
936 1439 1072 1496 Neander
1093 1440 1135 1509 (in
1155 1456 1256 1512 marg,

134 1535 187 1592 sed
210 1531 262 1589 οἴει
283 1533 409 1604 scripsit)
430 1532 614 1590 coniecerunt
634 1536 664 1587 et
683 1529 709 1588 G
729 1545 841 1601 quoque
861 1531 958 1603 habet,
980 1526 1054 1588 ὀΐσει
1073 1538 1255 1606 receperunt.

134 1627 274 1685 Prohavit
287 1627 341 1683 hcc
354 1625 521 1694 Dorvillius,
535 1624 583 1695 qui
597 1629 751 1697 praeterea
766 1623 801 1680 de
816 1621 893 1702 νώσγγ
908 1626 1063 1698 cogitabat,
1085 1632 1114 1684 et
1127 1626 1255 1700 Lennep,

134 1721 184 1794 qui
205 1721 317 1794 etipse
338 1719 424 1776 aliam
445 1720 520 1775 viam
538 1719 684 1791 ingressus
705 1714 766 1773 ἐπεὶ
786 1717 891 1774 κλαίειν
913 1737 947 1777 σε
968 1718 1063 1797 νοήσει
1083 1720 1253 1778 coniecerat.

134 1798 323 1882 Falhenburg
336 1807 397 1867 ἐπεὶ
412 1810 550 1867 κλαίουσα
563 1809 658 1888 νοήσει
673 1811 891 1883 commendavit,
906 1812 981 1883 quod
996 1812 1169 1885 improbavit
1182 1812 1257 1870 Len·

133 1921 201 1979 nep,
222 1904 409 1961 »Hermiones
424 1903 507 1971 enim,
529 1919 585 1960 non
601 1919 669 1960 vero
683 1902 822 1974 Helenae,
843 1910 941 1977 partes
955 1904 1002 1961 hic
1017 1912 1100 1962 erant
1114 1906 1253 1979 plorare«

133 2000 241 2066 dolien,
268 1985 304 2055 ne
325 1997 437 2054 scilicet
457 1992 554 2073 νοήσει
573 1996 686 2054 obiecto
707 2002 814 2067 careat,
839 1996 902 2054 colo
924 2004 989 2070 post
1009 1995 1140 2074 νοστήσει
1161 2000 1255 2072 posito

135 2110 172 2152 ex
192 2092 283 2163 LQR
302 2089 469 2165 παλίνορσον
489 2089 602 2162 recepit
622 2095 652 2146 et
672 2104 735 2147 cum
755 2083 850 2165 νοήσει
871 2089 1024 2148 coniunxit.
1060 2092 1152 2149 Lehrs
1174 2090 1254 2169 νοσή-

135 2203 198 2249 σεις
212 2184 371 2242 Hermanni
391 2184 592 2267 coniecturam·
606 2187 647 2256 (p.
666 2186 714 2253 21)
734 2183 854 2256 recepit,
876 2182 913 2240 de
933 2199 990 2254 qua
1003 2191 1083 2242 recte
1098 2185 1257 2243 Schneider

134 2295 164 2353 p.
187 2285 242 2336 445
264 2277 418 2334 iudicavit:
447 2293 528 2334 anam
555 2273 689 2354 νοσήσεις
715 2280 773 2333 tum
796 2276 910 2334 demum
930 2294 1028 2335 verum
1050 2285 1141 2351 esset,
1163 2280 1187 2336 si
1208 2295 1257 2336 ne-

136 2371 264 2429 cessario
285 2370 338 2428 hoc
359 2369 502 2427 distichon
522 2386 585 2426 cum
612 2368 798 2440 sequentihus
824 2370 953 2428 versibus
980 2378 1057 2429 esset
1083 2373 1258 2444 coniungen-

136 2465 203 2523 dum
225 2465 274 2522 ubi
296 2481 386 2538 genae
406 2464 506 2522 labare
526 2463 657 2535 oculique
682 2465 870 2535 languescere
891 2466 1033 2522 dicuntur.
1064 2483 1139 2524 nunc
1161 2473 1257 2525 autem

135 2558 207 2634 nihil
229 2559 351 2633 impedit
370 2559 438 2629 quin
462 2558 699 2616 antecedentibus
720 2558 899 2625 adnectatur,
920 2559 969 2616 uhi
991 2559 1103 2617 Helena
1124 2576 1189 2617 mox
1214 2576 1257 2618 re-

135 2652 235 2710 ditura
260 2652 390 2710 dicitur«
418 2683 455 2692 -
479 2649 542 2708 334
567 2645 715 2727 οὐγοράας
734 2651 779 2722 Μ;
805 2647 869 2729 οὐχ’
896 2651 926 2710 0.
970 2652 1050 2709 »Etsi
1078 2653 1182 2728 γοεραί
1201 2652 1257 2709 dici

135 2746 232 2819 potuit
246 2762 298 2820 pro
313 2743 359 2802 ccl
373 2747 468 2823 γοερῇ,
482 2744 646 2801 concinnius
660 2749 755 2801 tamen
769 2742 845 2801 foret
855 2741 958 2820 ,criciaco
972 2743 1007 2801 ci.
1019 2761 1116 2817 sego«
1138 2743 1257 2804 Graef.
1284 2809 1288 2816 ,

136 2855 166 2912 p.
188 2845 253 2896 255.
275 2870 302 2879 -
328 2856 381 2912 μεν
407 2833 555 2912 ἐπιμύουσι
575 2836 615 2908 Μ,
636 2835 711 2893 unde
732 2830 889 2911 ἐπήμιίοοσι
914 2837 1025 2912 scripsi,
1051 2853 1114 2896 cum
1140 2838 1258 2896 verbum

119 2929 252 3008 ιίιπηγιιίω
278 2947 399 3002 nusqum
425 2931 603 3004 reperiatur,
628 2930 682 2986 nisi
707 2927 782 2987 forte
800 2928 920 2988 formam
939 2929 1121 2989 Homericam
1142 2928 1258 3012 ὑπεμνή-

132 3039 209 3098 μυκε
229 3023 295 3082 hinc
315 3024 448 3081 derivare
469 3024 549 3081 velis.
580 3020 773 3098 ὑπομόυυσιθ
794 3040 829 3081 ex
847 3021 938 3100 ὑπήμ.,
962 3019 1137 3101 ὁπήμιίοοσαι
1151 3025 1258 3098 PSW,

135 3115 292 3194 ἱπιημύοοσι
313 3117 376 3174 rell.
397 3116 481 3175 codd.
502 3122 532 3175 et
552 3116 616 3175 edd.
637 3133 744 3187 omnes,
766 3118 842 3188 quod
864 3115 993 3175 defendit
1011 3118 1153 3177 Tournier
1172 3137 1202 3192 p.
1221 3127 1260 3179 40

134 3211 210 3269 hunc
235 3211 354 3270 Homeri
379 3227 507 3276 versum.
521 3211 565 3281 (ll.
590 3211 675 3269 XXII
701 3215 783 3281 491);
809 3209 899 3267 πάντα
924 3207 951 3267 δ’
988 3211 1181 3291 ὑπεμνήμυκε,
1212 3210 1257 3268 δε-

134 3301 292 3379 δάκρυνται
316 3301 350 3360 δὲ
374 3304 530 3380 παοειαία
557 3303 688 3363 Oollutho
719 3304 857 3362 imitando
884 3320 1050 3379 expressum
1078 3322 1141 3364 esse
1166 3309 1256 3375 ratus,

134 3402 297 3472 praeeunte
313 3397 454 3456 Guilelmo
468 3395 618 3456 Dindorfio
634 3398 663 3454 in
678 3398 831 3456 novissima
845 3397 986 3456 Thesauri
1007 3396 1141 3456 editione.
1163 3397 1257 3468 Lege-

134 3492 221 3550 batur
241 3491 270 3548 in
291 3491 374 3549 codd.
395 3496 425 3549 et
446 3491 510 3550 edd.
531 3492 661 3550 omnibus
676 3525 711 3533 -
728 3510 792 3548 ουσι
812 3490 930 3568 παρειαί
944 3509 969 3550 ν.
985 3498 1050 3562 384,
1072 3497 1102 3549 ct
1124 3523 1157 3532 -—
1179 3508 1257 3548 ουσιν

135 3581 293 3641 dcccclv.
315 3591 385 3656 3353
412 3585 464 3643 sed
488 3601 621 3644 versuum
645 3586 789 3644 clausulas
808 3585 950 3660 probante
971 3587 1060 3645 etiam
1081 3583 1259 3645 Schneidero

134 3693 204 3736 rec.
231 3693 260 3752 p.
284 3684 347 3736 194.
375 3685 428 3737 195
455 3684 535 3738 recte
560 3679 739 3754 transposuit
762 3679 905 3738 Tournier
928 3695 956 3754 p.
981 3686 1032 3752 40,
1057 3677 1107 3736 ubi
1132 3695 1168 3738 ne
1194 3679 1261 3750 quis

134 3769 235 3848 γοεραί
255 3771 346 3830 minus
367 3777 435 3847 apte
456 3771 493 3830 ad
514 3765 625 3829 dccccl
645 3770 748 3831 referri
766 3787 853 3846 posse
873 3771 989 3844 obiciat,
1010 3771 1121 3830 confert
1144 3771 1260 3831 0le

135 3866 191 3925 'tta
210 3852 308 3942 7σχέθε
328 3859 359 3920 δ’
378 3860 451 3922 ὄσσε
471 3862 559 3941 γόοιο,
577 3867 670 3926 Νουυ.
686 3865 771 3923 Dion.
786 3865 825 3926 IV
840 3872 876 3924 64
897 3861 1036 3942 γοήμονος
1055 3861 1164 3942 ὄμβρον
1185 3863 1258 3921 ὀπω·

134 3957 196 4037 πῆς,
219 3959 285 4017 alia.
308 3991 343 4000 -
363 3957 424 4018 335
444 3958 537 4016 πυκνὰ
556 3957 590 4017 δὲ
609 3960 642 4018 Μ
658 3967 672 4018 1
695 3975 730 4019 ex
749 3958 862 4018 πυκνὰσ
874 3977 903 4032 ε;
924 3979 1012 4038 πικρα
1025 3959 1060 4033 V,
1079 3958 1167 4035 πικρὰ
1181 3959 1261 4031 SW,

135 4051 213 4122 quod
239 4068 296 4111 non
324 4051 473 4125 inelegans
499 4068 563 4111 esse
588 4052 725 4113 iudicavit
748 4053 878 4128 Lennep,
916 4051 1014 4130 ποκρὰ
1038 4053 1075 4125 Ρ,
1099 4051 1193 4130 πογνὰ
1218 4051 1261 4122 L3
