3092 4662
582 351 795 416 „29-

119 533 226 607 Popoff
236 539 344 608 noster,
364 533 477 594 ielieius
497 544 556 596 ne
577 533 619 594 ἐνλ
638 536 805 598 defendens.
836 539 868 599 Si
881 547 1034 613 utrumqne
1055 558 1115 601 voe.
1137 559 1246 618 sanum,
1269 551 1272 558 '

117 625 243 704 χορείας
262 629 440 702 interpreter
460 629 497 688 de
516 631 588 703 ipsis
608 631 639 689 in
652 632 706 690 Ida
725 639 822 693 monte
843 635 1017 695 saltantibus
1032 636 1093 694 sive
1106 636 1248 710 Nymphis

119 721 181 779 sive
201 722 372 795 virginibus,
393 723 496 795 quibus
511 740 543 782 se
556 722 636 808 fluvii
650 726 801 799 Nymphae
816 727 853 785 ad
868 743 1030 787 communes
1051 729 1244 789 instituendos

119 813 222 874 choros
236 815 366 890 miscent,
381 817 465 888 qnasi
480 822 559 876 esset
573 811 691 896 ’λδαίρσι
705 851 741 861 -
756 816 917 898 κόρρσιν,
939 826 999 894 aut,
1014 823 1038 879 si
1059 807 1248 882 masculinum

117 904 278 980 ferendum,
297 904 425 966 Ἰδαίοισι
446 941 480 951 -
499 913 708 988 χορευταῖς.
749 911 798 970 sie
817 909 1030 971 ἐπαντέλλεσθε
1049 916 1247 974 necessarium

122 1007 178 1060 est.
212 1001 272 1061 Sed
291 1001 311 1060 i.
322 1001 416 1081 χορός
436 1008 466 1061 et
484 1006 599 1081 χορεῖαι
619 1004 667 1062 hie
682 1020 738 1064 non
752 1007 859 1064 rectius
874 1007 1042 1078 iunguntur,
1063 1024 1149 1079 quam
1168 1025 1194 1066 v.
1210 1015 1247 1069 83

121 1092 265 1169 πλόκαμοι
285 1101 316 1154 et
332 1095 429 1174 χαίτη.
463 1097 590 1170 Elegans
610 1099 662 1156 sed
681 1115 737 1158 non
755 1100 839 1158 nimis
858 1101 1009 1175 probabile
1031 1110 1109 1161 esset
1129 1098 1248 1180 ἕσπερσι

113 1185 162 1244 ’la
184 1185 396 1246 ἐπαντέλλεσθε
414 1208 445 1268 χ.
466 1197 500 1249 ut
520 1186 646 1267 ἕσπερος
665 1193 754 1252 habet
774 1193 855 1251 Paul.
875 1194 924 1252 Sil.
940 1202 1046 1268 epit.
1069 1203 1114 1254 28.
1148 1196 1246 1254 Minus

115 1282 216 1355 planet
235 1281 278 1346 εἰς
297 1277 367 1359 ὄρος
386 1299 412 1341 ν.
433 1279 476 1347 ὡς
496 1281 591 1359 κόραι,
613 1291 664 1342 aut
678 1285 781 1356 siquis
800 1287 829 1343 in
843 1285 899 1344 fine
919 1304 945 1345 v.
959 1288 1088 1363 πορείαις
1108 1295 1245 1363 tentaret,

117 1376 175 1434 etsi
199 1376 318 1435 Nonnus
344 1375 399 1434 hoe
423 1393 449 1438 v.
469 1375 650 1450 frequentet,
682 1384 711 1437 et
743 1381 785 1438 sie
811 1386 964 1453 utrumque
994 1383 1113 1441 verbum
1145 1399 1246 1442 eonve-

115 1471 223 1529 niret«.
245 1503 280 1512 -
306 1469 324 1528 6
347 1468 568 1546 θεμιστοπόλοιο
582 1472 623 1530 Μ.
656 1505 690 1514 --
724 1472 857 1531 6εἵπατέ
876 1491 911 1532 ex
931 1473 1031 1532 εἶπατέ
1048 1476 1081 1534 Μ
1095 1483 1121 1548 2,
1147 1477 1196 1548 qui
1216 1477 1246 1533 in

114 1630 208 1686 marg.
221 1613 305 1672 addit
317 1608 434 1686 ἔσπετε;
455 1609 564 1672 ἕσπετέ
575 1616 656 1676 APs
670 1619 724 1688 λιι,
740 1613 847 1675 tueare
854 1619 889 1691 L,
904 1567 1022 1677 &uuerde
1032 1622 1068 1691 N,
1083 1637 1156 1680 corr.
1166 1637 1194 1678 m
1204 1598 1243 1694 '1.‚

114 1703 205 1763 ἐπετέ
217 1705 251 1780 Q,
271 1702 376 1764 ἕσπετε
390 1707 435 1778 W,
459 1702 566 1766 ἔσπετέ
577 1710 639 1768 rell.
656 1710 721 1768 edd.
736 1717 804 1769 anie
818 1711 922 1785 Beki,
944 1713 994 1784 qui
1008 1710 1106 1770 εἴπατε
1124 1715 1246 1787 recepit,

117 1816 196 1872 »qne
215 1798 308 1860 forma
328 1802 389 1860 sola
415 1801 508 1860 utitur
527 1803 645 1861 Nonnus
671 1807 710 1874 (1,
724 1811 788 1863 128,
810 1811 836 1876 5,
847 1811 903 1863 459
925 1810 955 1863 et
975 1813 1040 1865 460.
1064 1813 1109 1877 13,
1131 1813 1178 1867 46.
1200 1814 1244 1879 16,

115 1895 1245 1972 mmmmmmmmmmmmmmmmm

113 1995 147 2048 et
168 1997 224 2050 200
246 1997 275 2048 et
295 1999 352 2050 336
372 1997 402 2050 et
415 1991 521 2063 33λ)((;
541 1989 717 2057 κελαδόντος
730 1992 786 2064 Μ.;
807 1988 855 2048 ἀπ’
880 1988 1029 2068 ὀρνύμεναι
1051 1992 1137 2051 OLR
1158 1991 1245 2070 ἀπορ-

110 2079 238 2194 ρνύμεναι
250 2117 292 2190 Μ,
313 2134 386 2177 corr.
400 2118 433 2175 M
448 2125 489 2189 2.,
516 2119 598 2178 »Non
618 2118 734 2178 credam
758 2120 910 2193 scripsisse
934 2125 1051 2193 poetam
1071 2117 1245 2184 κελάδοντος

38 2213 41 2219 “
113 2208 306 2286 ἀπορνύμεναι
326 2213 473 2285 ποταμοῖο.
507 2211 662 2284 Languent
683 2214 758 2270 enim
778 2213 851 2271 haee
871 2212 970 2282 verba,
994 2212 1176 2284 debebatqus
1192 2211 1245 2271 00-

111 2305 222 2375 luthus,
244 2305 268 2362 si
292 2305 442 2378 eleganter
465 2305 592 2366 seribere
611 2307 706 2379 vellet,
728 2307 840 2365 omissis
864 2323 953 2380 supra
973 2305 1102 2381 ποταμοῦ
1116 2302 1242 2364 Ξάνθοιο

113 2396 253 2476 γενέθλη,
286 2398 398 2472 dicere,
430 2398 531 2458 adeste
558 2416 576 2457 e
601 2397 750 2472 fluvio,a
775 2415 831 2470 quo
858 2399 928 2458 estis
957 2405 1129 2472 prognatae.
1170 2399 1245 2458 Seri-

111 2492 175 2565 psit
195 2507 273 2566 vere,

265 2647 269 2658 .
319 2599 419 2659 εἷποτέ
434 2622 493 2677 μοι,
514 2601 688 2668 κελάδοντος
708 2579 902 2678 ἀπορνύρένος
921 2601 1060 2676 ποταμοῖο

320 2691 357 2764 ἐξ
370 2691 463 2771 ὀρέων
475 2693 566 2753 πόθεν
580 2690 676 2774 ἦλθεν.
706 2697 863 2755 Auctorem
877 2696 1018 2755 hebemus
1033 2697 1127 2770 ipsum
1141 2714 1165 2755 v.
1179 2699 1244 2758 7οα

110 2823 229 2881 Herm.
250 2841 279 2896 p.
295 2825 311 2883 λ
333 2824 414 2882 euius
435 2825 631 2884 coniecturam
645 2824 738 2881 minus
751 2824 947 2882 neeessariam
961 2824 1077 2896 recepit
1089 2823 1192 2882 Lehrs.
1206 2856 1243 2866 -

109 2914 240 2995 η’νορέων
275 2917 330 2988 (sie
358 2919 456 2990 potius
487 2934 572 2990 quam
604 2914 741 2996 ἦωορέων
775 2916 853 2989 quod
884 2917 1013 2976 enotavit
1048 2916 1175 2988 Pressel)
1201 2917 1243 2990 M,

109 3007 150 3078 ἐξ
167 3007 260 3086 ὀρέων
278 3011 342 3068 rell.
357 3010 440 3069 codd.
463 3015 494 3068 et
515 3010 590 3082 edd,
610 3011 641 3068 in
661 3026 718 3081 que
738 3011 883 3083 scripture
902 3011 1012 3082 primus
1035 3009 1156 3068 effendit
1168 3011 1244 3069 Len-

109 3121 170 3178 nep
195 3105 270 3162 Ann.
296 3121 324 3177 p.
347 3111 402 3164 106
434 3102 627 3177 »Difficultas,
658 3121 732 3176 quae
763 3106 792 3162 in
817 3105 872 3164 hoa
902 3106 965 3164 loeo
999 3103 1169 3177 explicando
1193 3103 1244 3163 ob·

112 3196 288 3257 versabatur
301 3197 465 3270 aliquande,
485 3198 665 3270 potissimum
686 3199 716 3255 in
736 3197 844 3256 additis
864 3199 980 3257 vocibus
1001 3194 1038 3266 ἐξ
1055 3195 1151 3274 ὀρέων
1171 3199 1243 3257 resi-

110 3290 175 3361 det,
206 3294 274 3348 sunt
294 3289 369 3348 enim
389 3290 476 3363 plane
497 3291 598 3350 otiosa·
615 3297 645 3349 et
663 3293 761 3350 neseio
782 3295 920 3364 quantam
941 3292 1009 3350 huis
1028 3292 1092 3351 loeo
1113 3291 1243 3349 adimunt

109 3388 304 3443 venustatem.
335 3382 487 3442 Brodaeus
507 3383 627 3456 quidem
642 3384 836 3444 dementibus
851 3385 956 3458 Idaeis,
978 3385 1028 3444 ubi
1041 3386 1125 3444 Paris
1144 3390 1242 3458 pater-

108 3493 163 3537 nae
183 3492 253 3537 eves
274 3475 408 3548 ducebat,
430 3478 581 3550 intelligit:
604 3495 689 3551 quam
709 3480 982 3552 interpretationem
1004 3483 1034 3538 et
1056 3495 1109 3552 ego
1130 3479 1159 3536 in
1179 3495 1242 3538 ver·

110 3572 192 3632 sione
214 3570 333 3642 agnovi:
360 3569 412 3629 ssd
434 3572 480 3629 vel
507 3571 549 3629 sie
569 3570 672 3630 durum
692 3572 761 3630 eddi
781 3571 853 3630 illud
873 3569 910 3640 ἐξ
926 3569 1029 3648 ὀρέων.
1074 3571 1145 3632 Cum
1167 3572 1242 3634 enim

109 3664 262 3738 Nymphas
282 3663 418 3737 imploret
437 3668 537 3723 noster
555 3671 588 3723 ut
607 3665 770 3724 indicarent
789 3667 897 3738 laeum,
918 3665 995 3724 unde
1016 3667 1129 3725 venerit
1148 3665 1241 3740 Paris,

108 3760 177 3818 dnm
200 3757 239 3818 ad
259 3756 402 3816 Helenam
421 3755 664 3831 proficisceretur,
684 3759 763 3819 nullo
783 3760 869 3820 modo
891 3765 971 3818 reete
991 3760 1141 3832 montium,
1162 3776 1198 3819 ae
1217 3759 1242 3821 si

108 3855 168 3914 iam
195 3851 329 3924 cognitus
358 3849 449 3923 foret,
480 3853 589 3912 mentio
612 3853 660 3911 hie
684 3853 725 3912 fit.
764 3853 841 3912 Hine
872 3854 999 3927 suspicio
1033 3853 1141 3913 dudum
1173 3853 1243 3914 mihi

107 3947 235 4008 subnata
255 3943 318 4016 init,
341 3942 496 4005 colutinm
515 3946 632 4006 dedisse
652 3944 778 4024 ἐξερέω,
798 3944 887 4005 πόθεν
906 3941 994 4025 ἦλθεν
1020 3945 1116 4024 ἀήθεα
1139 3944 1244 4006 πόντον

106 4037 237 4099 ἐλαύνων
251 4080 259 4096 .
274 4083 282 4100 .
297 4081 305 4098 .
318 4039 429 4099 Verum
443 4057 512 4100 ,enm
532 4058 569 4101 ne
582 4042 625 4100 sie
639 4043 716 4101 omni
730 4042 900 4101 difficultate
914 4045 1015 4101 eareat
1027 4042 1108 4101 loeus
1128 4045 1237 4109 noster,
