3092 4662
583 325 794 388 ..53-

123 518 225 572 teneo:
247 517 278 570 et
297 512 439 584 spiculum
459 510 539 583 agito
561 525 716 581 arcumque
735 509 807 569 tolle
827 508 984 581 cingulum.
1028 506 1077 567 Sic
1095 511 1179 580 patet
1196 524 1252 568 nou

123 623 198 680 epus
226 610 349 664 esseut
376 601 430 680 μὲν
457 603 565 662 habeut
595 603 768 676 particulam
792 603 1024 676 respondentem.
1070 601 1136 659 Non
1158 601 1254 674 potuit

124 699 201 758 enlm
222 696 322 756 inferri
345 695 387 767 δέ,
409 698 452 756 sic
472 694 649 755 confermata
663 697 810 755 oratione:
824 695 876 754 sed
889 694 1011 754 deberet
1023 691 1123 752 inferri
1143 695 1167 753 si
1187 711 1254 768 pre·

123 791 245 850 cederet
258 791 429 864 compositio
446 789 598 848 verborum
618 789 670 860 ita,
692 794 725 847 ut
743 789 878 847 instituta
897 791 972 847 erat:
993 785 1055 844 ἀντί
1075 783 1130 864 μὲν
1149 785 1254 866 αἰχμῆς

126 883 231 942 κεστὸν
256 878 336 960 ἔχω,
362 879 424 939 ἀντὶ
450 879 484 938 δὲ
509 877 643 957 κέντρου,
675 880 723 938 καὶ
748 879 809 938 ἀντὶ
834 878 938 939 τούτου
963 878 1067 938 κεστὸν
1090 874 1169 958 ἔχοι·
1192 880 1253 941 ἀντὶ

124 976 160 1035 δὲ
180 975 276 1048 τόξου,
296 973 431 1051 ὁμοίωςι
477 974 636 1032 Hermanni
663 976 858 1040 coniecturam
882 976 995 1048 recepit
1018 974 1125 1047 Lehrs,
1149 975 1254 1049 impro·

124 1071 207 1130 bavit
220 1069 331 1128 Tiedke
352 1071 381 1126 in
395 1069 504 1127 Herma
516 1067 589 1126 XIII
609 1086 637 1142 p.
653 1075 723 1141 352,
743 1069 824 1127 cuius
843 1068 917 1127 haec
936 1073 1003 1127 eunt
1020 1068 1121 1127 verba:
1144 1070 1253 1141 »Quem

123 1170 223 1223 autem
237 1164 382 1222 stimulum
396 1178 516 1234 quemve
530 1178 628 1220 arcum
637 1162 746 1220 ·Venus
761 1163 933 1235 appellaret,
946 1163 1002 1220 nisi
1015 1163 1109 1235 ipsum
1123 1162 1251 1221 costum?

123 1273 201 1329 quae
226 1257 342 1327 quidem
366 1257 463 1328 paullo
484 1261 553 1313 aute
573 1257 672 1313 lusum
698 1273 829 1316 amorum
852 1257 933 1328 quasi
959 1257 1072 1315 hastam
1097 1272 1252 1330 regerere

125 1350 355 1423 praedicaverat.
391 1349 473 1421 Quod
494 1365 558 1406 cum
577 1354 675 1421 recte,
696 1350 819 1407 etmihi
839 1349 953 1421 quidem
967 1350 1091 1422 videtur,
1112 1349 1251 1408 Hermen·

125 1461 179 1502 nus
198 1443 404 1516 perspexisset,
424 1443 558 1513 neglecta
579 1442 784 1514 resumptione,
804 1443 893 1500 verba
906 1443 948 1500 sic
960 1442 1036 1501 inter
1049 1458 1081 1500 se
1096 1442 1251 1502 cohaerere

126 1537 277 1594 indicavit:
298 1533 360 1591 ἀντὶ
370 1531 423 1609 μὲν
444 1533 549 1612 αἰχμῆς
560 1566 594 1573 —-
608 1531 712 1590 κεστὸν
725 1529 802 1612 ἔχοι·
823 1532 871 1590 καί
884 1533 1003 1611 κέντρον
1016 1532 1080 1611 ἄγω
1099 1533 1147 1591 καί
1167 1533 1251 1604 τόξον

125 1628 217 1706 ἀείσω
237 1626 358 1698 κεστόν,
381 1643 465 1699 quem
488 1643 647 1686 sermenem
666 1628 769 1687 Nonne
790 1629 909 1700 eiusque
929 1629 1120 1688 sectatoribus
1140 1636 1251 1690 tautum

124 1724 294 1796 discrepare
314 1728 392 1794 puto,
414 1726 447 1778 ut
466 1737 524 1778 una
538 1723 638 1780 littera
652 1726 764 1780 mutata
783 1721 888 1781 κεστὸν
909 1719 968 1800 ἐγὼ
988 1722 1037 1780 καὶ
1057 1721 1175 1801 κέντρον
1188 1721 1251 1801 ἄγω

125 1813 175 1872 καί
200 1813 489 1891 facetiaeque.
518 1819 630 1873 cestum
655 1831 710 1886 ege
732 1821 761 1873 et
785 1821 930 1888 umquam
955 1818 1101 1875 stimulum
1127 1832 1197 1888 gere
1222 1823 1251 1876 et

127 1923 227 1965 arcum
257 1908 327 1966 tollo
353 1905 417 1978 (cfr.
438 1906 525 1964 Dion.
552 1907 623 1965 XIX
649 1915 704 1966 236
727 1906 806 1984 χειρὶ
826 1913 879 1986 μιῇ
902 1908 951 1965 καί
976 1909 1076 1968 κίσσον
1101 1903 1179 1987 ἔχων
1203 1909 1251 1967 καὶ

125 1997 234 2057 θαλλόν
254 1995 364 2076 ἐλαίηςς
385 1998 543 2056 XXXVIII
564 2006 618 2059 286
639 1997 823 2076 ἀμφοτέρους
843 2000 892 2057 καὶ
911 2000 1009 2059 Νεῖλον
1034 1999 1105 2078 ὁμοῦ
1134 2001 1183 2059 καὶ
1199 2000 1251 2078 βό-

124 2113 197 2170 τρυν
217 2091 320 2162 ἀέξων.
360 2093 429 2150 Par.
448 2094 476 2152 N
496 2101 532 2152 43
560 2091 639 2170 νίψον
664 2091 739 2162 ἄναξ
756 2093 804 2150 καί
821 2097 926 2172 χεζοας
949 2091 1023 2171 ἐμὰς
1047 2094 1096 2152 καὶ
1120 2093 1251 2151 κοκλάδα

127 2186 246 2264 κόρσην.
287 2186 369 2243 Paul.
391 2185 563 2244 Sil.1)esor.
585 2203 621 2247 m.
643 2188 711 2246 eccl.
731 2187 746 2244 I
768 2195 822 2247 138
843 2186 936 2254 δεινὸς
955 2185 1038 2266 ἀνήρ,
1065 2187 1113 2245 καλ
1133 2185 1250 2266 κέντρον

124 2277 202 2338 ἑλεῖν
222 2278 271 2336 καλ
292 2279 390 2356 σχῆμα
408 2277 557 2358 χαράξαι).
598 2281 660 2338 Nec
681 2286 779 2340 tamen
798 2298 964 2356 repugnem,
984 2284 1009 2341 si
1023 2283 1087 2354 quis
1100 2283 1143 2340 ita
1156 2286 1253 2341 servet

124 2375 365 2447 resumptionem,
391 2380 423 2433 ut
449 2375 562 2433 scribat
588 2373 691 2431 κεστὸν
718 2371 782 2454 ἔχω
808 2375 856 2432 καί
881 2375 999 2454 κέντρον
1017 2373 1079 2452 ἐγὼ
1099 2374 1149 2432 καὶ
1166 2373 1251 2444 τόξον

124 2467 229 2543 ἀείρω,
249 2484 323 2539 quae
344 2467 446 2526 eadem
467 2468 621 2527 verborum
642 2468 794 2528 collecatIe
815 2473 860 2527 est
880 2474 970 2541 atque
984 2469 1067 2529 Dion.
1088 2470 1201 2528 XXXV
1215 2476 1252 2530 44

126 2558 219 2628 ξεῖνον
240 2555 303 2639 ἔχω
325 2560 372 2618 καί
393 2558 511 2618 ἄπιστον
532 2557 591 2636 ἐγὼ
604 2559 728 2636 Ιπόθον.ι
770 2562 899 2620 Priorem
919 2562 1033 2620 Tiedlrii
1054 2564 1250 2622 coniecturam

123 2662 158 2713 ut
178 2657 381 2729 sImplicierem
400 2657 512 2729 recepi3
533 2655 586 2714 sed
607 2660 759 2728 praeterea
779 2672 805 2713 v.
827 2662 864 2712 94
890 2653 1013 2714 fortasse
1038 2653 1093 2731 γὰρ
1121 2672 1173 2728 pre
1196 2652 1250 2730 μὲν

123 2748 308 2808 scribendum
336 2755 389 2807 est.
418 2782 451 2792 -
482 2749 655 2822 corruptum
685 2764 749 2806 esse
773 2746 926 2825 φιλότητος
950 2746 1021 2827 ἐμῆς
1045 2744 1114 2822 ἐμὸν
1135 2745 1250 2825 οἶστρον

123 2843 258 2916 plerique
283 2844 377 2903 critici
403 2843 594 2902 consentiunt.
624 2842 720 2912 Atque
740 2837 870 2919 φιλότητι
885 2839 1056 2917 μεμιγμένον
1076 2836 1190 2918 οἶστρον
1204 2842 1251 2900 vel

123 2935 280 3014 φιλότητος
299 2934 429 3014 ὀνήσιμον
443 2932 558 3012 οἶστρον
573 2935 699 2993 coniecit
716 2934 849 3008 Lennep,
871 2929 942 3012 ἐμῆς
961 2931 1024 2991 νέον
1044 2930 1157 3011 οἶστρον
1176 2934 1250 2994 Der·

100 3033 231 3104 ‚villius
253 3032 302 3102 qui
321 3037 423 3088 tamen
444 3031 562 3102 pronior
587 3033 652 3086 erat
678 3028 715 3086 ad
741 3029 887 3100 vulgatam
913 3027 1109 3101 retinendam,
1136 3029 1251 3101 elegan-

124 3126 196 3184 tiam
222 3124 252 3181 in
272 3125 422 3197 repetiens
446 3123 623 3193 quaesivisse
643 3128 758 3194 poetam
783 3127 873 3179 ratus.
913 3119 1066 3198 φιλότητος
1090 3116 1190 3197 ἐνηέος
1209 3117 1250 3177 oi·

124 3235 214 3294 στρον
234 3233 307 3276 corr.
322 3216 464 3275 Ruhnken
486 3216 591 3275 collato
606 3213 746 3286 Gregorio
760 3215 940 3273 Nazianzeno
956 3211 1109 3292 (ὑποθῆκαι
1130 3212 1248 3290 παρθεν.

122 3330 154 3384 p.
166 3319 203 3370 18
218 3311 263 3370 ed.
277 3311 428 3383 Hervag.):
445 3305 590 3386 Keepdcd'
608 3303 644 3364 αὖ
657 3306 812 3384 φιλότητος
824 3304 924 3382 ἐνηέος
933 3302 1011 3363 ἐστίν
1023 3303 1125 3363 ἅπασιν
1132 3303 1250 3381 ’ίίερίοις

124 3403 217 3467 ἁλίαις
236 3421 269 3460 τε
290 3402 337 3458 κοιλ
352 3399 412 3460 ded
436 3399 481 3460 ἐπὶ
496 3405 576 3477 γαῖαν
590 3397 693 3457 ὁδεύει.
709 3434 744 3442 -
761 3400 809 3458 »Si
823 3399 891 3472 quid
905 3399 1081 3472 mutandum,
1106 3416 1142 3458 ex
1155 3399 1250 3458 Nonni

122 3499 243 3570 Dionys
257 3496 311 3554 XL
332 3503 367 3554 96
389 3492 473 3552 ἄλλον
495 3491 554 3570 ἐγὼ
581 3490 682 3570 γλυκὺν
708 3489 822 3570 οἶστρον
847 3493 1011 3566 scripserim
1035 3513 1067 3570 φ.
1095 3487 1119 3551 ἐ.
1148 3487 1249 3567 γλυκὺν

122 3587 241 3666 οἶστρον
254 3583 378 3644 ἑλοῦσαι.
410 3587 468 3647 cfr.
490 3589 608 3647 Nonnus
628 3587 657 3644 Π
677 3594 712 3645 23
733 3583 847 3661 οἶστρον
867 3583 941 3642 έλὼν
961 3583 1130 3662 πτολέμοιοτ
1150 3585 1250 3645 Wer·

122 3682 207 3740 nike
228 3681 266 3740 ad
286 3680 442 3753 TryphIod.
458 3698 486 3753 p.
504 3687 567 3740 152.
599 3679 752 3752 vulgatam
767 3681 948 3739 retinuerunt
966 3680 1071 3740 Harles
1095 3686 1125 3738 et
1142 3681 1250 3754 Iulien,

122 3779 242 3834 secutus
262 3773 309 3831 hio
330 3773 512 3847 Bellorum,
538 3774 584 3831 cui
604 3773 708 3831 lusisse
727 3772 879 3832 videbatur
896 3780 984 3846 poete
1002 3774 1135 3832 similiter
1147 3773 1250 3832 Nonne

123 3874 170 3938 16,
191 3873 228 3925 88
249 3862 338 3931 αὐτὸς
357 3862 439 3942 έμοῖς
461 3861 582 3943 ὤμοισιν
602 3861 670 3944 ἐμὴν
691 3863 806 3923 Νίκαιαν
827 3865 940 3943 ἀείρων.
983 3867 1042 3925 »At
1065 3869 1139 3926 haec
1165 3865 1250 3924 valde

126 3961 243 4018 diversa
263 3964 339 4031 sunt,
361 3960 495 4031 quodque
516 3964 583 4032 apte
606 3958 679 4017 dixit
694 3960 822 4032 Neurus,
842 3957 977 4031 frigidum
1000 3963 1079 4017 esset
1098 3958 1177 4033 apud
1197 3957 1250 4018 Oe·

122 4053 245 4113 luthum.
273 4052 360 4110 Hune
380 4053 535 4126 oportebat
555 4053 670 4124 gravius
691 4053 760 4123 quid
779 4051 950 4127 praedicare
964 4053 1001 4112 de
1017 4059 1113 4113 oestro
1133 4052 1248 4122 amoris,
