3092 4662
481 917 795 1018 ΚΟΛΟΥΘΟΥ
834 917 981 1016 ΒλθΣ.

252 1103 414 1182 Ιίολοῦιλος
430 1104 640 1194 Λυκοπολίτης
655 1105 794 1194 Θηβαῖος
806 1105 961 1188 ἐποποιός,
974 1106 1112 1190 γεγονὼς
1126 1107 1204 1171 κατὰ
1219 1105 1297 1170 Σοί·

165 1211 223 1273 δαν
229 1208 278 1273 ἐπὶ
287 1205 483 1272 Ἀναοταοίου
496 1210 550 1272 τοῦ
558 1205 726 1295 κληθέντος
734 1209 899 1296 Βραχίνου,
909 1207 990 1292 μετὰ
1004 1207 1137 1297 Ζήνωνα
1149 1209 1297 1292 βασιλεύ-

167 1331 281 1386 σαντος
303 1309 337 1372 ἐν
360 1308 692 1390 Κωνοταντινουπόλει,
712 1306 792 1393 μεθ’
814 1307 850 1373 ὃν
871 1308 1077 1393 ἐβασίλευσεν
1098 1307 1296 1387 ’ίουστίνοςί

167 1409 274 1498 θρᾴξ,
302 1412 352 1474 καὶ
377 1409 450 1495 μετ’
479 1409 596 1475 ἐκεῖνον
625 1410 838 1486 Ἰουστινιανὸς
859 1413 877 1474 ί
900 1411 1002 1495 θεῖος,
1031 1412 1049 1474 ὁ
1072 1410 1298 1497 ἐλευθερώσας
1331 1433 1349 1484 5

164 1512 290 1578 Ἰταλίαν
313 1516 369 1600 τῆς
391 1511 535 1587 δουλείας
561 1517 623 1578 τῶν
647 1511 777 1577 Γότθαιν
797 1513 848 1578 διὰ
871 1513 1071 1598 Βελισαρίου,
1101 1514 1230 1598 ἀνεψιὸς
1252 1512 1297 1577 ὢν

165 1614 293 1696 ἐκείνου,
311 1615 394 1703 χίλια
416 1613 470 1703 ἐτη
494 1613 556 1680 εἶσὶ
579 1617 628 1680 καὶ
644 1616 754 1701 μικρόν
771 1639 797 1680 τι
820 1617 909 1702 πρός.
938 1614 1035 1690 Οὗτος
1057 1613 1180 1700 ἔγραγίε
1201 1615 1297 1679 Ιίαλυ·

165 1717 303 1782 δυνιακὰ
329 1717 372 1780 δι’
400 1718 486 1782 ἐπῶν
516 1718 550 1782 ἐν
571 1717 706 1802 βιβλίοις
733 1717 782 1799 ἕξ,
812 1719 861 1782 καί
888 1716 1041 1802 Ἐγκώμια
1070 1719 1120 1783 καὶ
1147 1716 1295 1800 Περσικά.

168 1817 274 1904 Τούτῳ
298 1817 518 1904 ἐπιγέγραπται
546 1821 595 1883 καὶ
623 1821 658 1883 τὸ
682 1821 783 1904 παρὸν
811 1819 927 1907 ποίημα
947 1815 1072 1908 Ἑλένης
1086 1815 1237 1908 Ἆρπαγη,
1264 1818 1297 1882 ἐν

162 1918 303 2008 Ἀπουλίᾳ
327 1919 464 2008 σιίνηιλες
486 1923 534 1985 καὶ
556 1922 723 2006 γνώριμον,
747 1922 827 1986 ὅπου
849 1923 897 1986 καί
919 1923 938 2009 η
961 1922 1083 2009 ποίησις
1106 1923 1159 1986 τοῦ
1176 1918 1298 2010 Ὁμηρι-
1316 1929 1349 1981 10

165 2025 219 2086 κοῦ
242 2020 371 2086 Κοίντου
399 2026 527 2108 πρῶτον
556 2021 687 2111 εὕρηται
716 2022 751 2086 έν
777 2026 824 2110 τῷ
848 2025 916 2110 ναῷ
945 2021 999 2087 τοῦ
1028 2022 1117 2088 θείου
1146 2022 1296 2086 Νικολάου

164 2126 227 2186 τῶν
249 2123 443 2189 Κασσοιίλιυν
466 2122 530 2199 ἔξω
552 2129 607 2189 τοῦ
623 2120 813 2210 Ὑδρόντου·
837 2125 855 2189 ὃ
878 2126 1051 2202 ἀνασώσας
1072 2126 1089 2187 ὁ
1112 2123 1199 2199 θεῖος
1214 2125 1297 2212 Βησ-

166 2227 286 2310 σαρίιον
314 2227 331 2288 ὁ
362 2225 485 2304 Νικαίας
513 2227 693 2312 καρδινοίλις
727 2226 962 2291 θουοκουλανοῦ
996 2228 1060 2300 τοῖς
1091 2224 1297 2310 βουλομένοις

163 2326 324 2393 ἐκοίνωσε.
369 2325 428 2392 Καὶ
454 2330 545 2392 τοῦτο
575 2328 611 2392 δέ
640 2327 825 2414 ἀπόκρυφον
848 2329 977 2412 γεγονὸς
999 2332 1052 2392 νῦν
1075 2330 1177 2392 κοινὸν
1199 2325 1295 2392 ἔσται.

572 2527 604 2599 Υ
608 2523 873 2602 ΠΟΘΕΣΙΣ.
932 2586 935 2594 ,
1316 2553 1347 2606 15

240 2659 330 2731 Ἔστι
352 2665 388 2730 δέ
411 2665 488 2730 ίιλείν
510 2665 543 2731 ἐν
567 2665 668 2752 κου’τιμ
692 2668 746 2756 την
769 2665 803 2730 ἐν
825 2667 870 2752 τῷ
891 2668 984 2751 γιίμςυ
1012 2669 1067 2730 τοῦ
1096 2663 1226 2752 Πηλέως
1248 2665 1296 2728 καί

162 2763 291 2843 θέτιιλος
320 2770 506 2857 συναγωγὴν
533 2773 596 2834 τῶν
621 2767 721 2848 θεῶν,
752 2769 801 2832 καί
831 2769 885 2856 τὴν
913 2770 967 2856 τῆς
987 2759 1115 2851 ’Ἔριδος
1141 2765 1295 2854 σύγχυσιν,

161 2869 210 2933 καὶ
235 2867 301 2954 ἔριν
323 2870 395 2955 περὶ
417 2873 472 2934 τοῦ
491 2870 609 2959 μήλου,
638 2871 687 2935 καὶ
707 2871 755 2934 ὅτι
776 2871 794 2934 ὁ
818 2869 901 2946 Ζεὺς
923 2867 1062 2953 ἔπεμψεν
1078 2863 1194 2956 Ἑρμῆν
1218 2867 1296 2953 πρὸς

160 2969 265 3056 Πάριν
288 2973 452 3057 κρινοῦντα
478 2971 534 3045 τὰς
562 2975 646 3053 τρεῖς
667 2969 763 3050 θεὰς,
793 2971 843 3035 καί
865 2973 902 3056 τῇ
925 2966 1128 3056 εὐειδεστέρᾳ
1151 2968 1296 3032 δώσοντα

160 3076 196 3140 τὸ
216 3075 330 3163 μῆλον.
362 3074 422 3138 Καὶ
443 3075 567 3139 πολλῶν
585 3073 752 3162 ῥηθέντων
775 3075 793 3136 ὁ
813 3071 913 3158 Πάρις
936 3072 1058 3136 δέδωκε
1080 3072 1119 3158 τῇ
1131 3069 1295 3158 Ἀφροδίτῃ
1312 3075 1347 3127 20

160 3177 196 3240 τὸ
220 3178 339 3265 μῆλον,
372 3176 422 3241 ἐπὶ
454 3175 622 3267 ὑποσχέσει
651 3175 759 3259 λαβεῖν
794 3175 849 3264 την
877 3171 1020 3263 Ἑλένην·
1051 3172 1069 3236 A
1098 3174 1148 3237 καί
1175 3172 1294 3257 γέγονε.

162 3275 309 3354 Πλεύσοις
329 3279 391 3363 γὰρ
406 3279 451 3354 εἷς
475 3281 529 3368 τὴν
548 3275 692 3356 Ἑλλάδα,
714 3279 763 3343 καὶ
785 3277 833 3353 είς
851 3277 1012 3365 Σπάρτην,
1036 3278 1085 3340 καὶ
1099 3275 1206 3358 λαβὼν
1222 3267 1295 3337 ἐκεί-

163 3400 228 3465 νην,
250 3379 458 3467 ἀνήγαγεν’
430 3402 475 3456 εις
489 3377 592 3458 Ἴλιον,
613 3383 707 3445 κακὸν
730 3380 902 3470 ἀρχέκακον
924 3381 1049 3445 πιίνταιν
1072 3382 1134 3442 τῶν
1151 3377 1272 3441 δεινῶν.

246 3544 357 3614 Habet
378 3548 530 3615 παπαί
484 3550 530 3615 vit
531 3571 584 3616 am
613 3551 743 3616 saeculo
772 3551 884 3635 quinto
849 3548 1035 3616 tdecimo
1065 3551 1201 3613 exeunte
1222 3565 1295 3614 con·

160 3632 245 3716 smip
246 3639 317 3698 tam
338 3632 409 3700 cod.
431 3635 516 3701 Aet
537 3634 656 3700 Aldina
678 3634 793 3718 editio,
822 3634 964 3700 undem
985 3636 1058 3698 caet
1059 3652 1132 3697 eras
1154 3630 1293 3696 transiit.

158 3738 189 3783 v.
209 3653 446 3800 2ΡΣοῦδανΑ,
477 3719 614 3785 Σουίὸαν
636 3719 787 3786 Neander
812 3724 847 3786 et
867 3718 1003 3800 Ubelus3
1033 3719 1053 3783 3
1098 3715 1293 3804 ραγινοῦΑ,

162 3803 201 3868 13
232 3804 421 3889 καρὸινοίλς
453 3803 760 3888 ιίουοκουλοίνουΑ,
797 3767 1024 3880 τουσκουλανίς
1088 3800 1218 3867 (Μουκίου
1254 3801 1294 3865 1”4

160 3885 350 3988 ἐκοινώνησε
379 3827 425 3968 A,
455 3889 530 3957 fort.
552 3894 656 3970 rect03
688 3889 725 3954 δέ
751 3894 828 3974 post
856 3893 946 3954 τοῦτο
975 3908 1034 3954 om.
1064 3887 1110 3969 Α,
1141 3884 1294 3970 hypothe-

159 3991 232 4038 seos
254 3972 398 4038 titulus
388 3995 423 4038 1n
444 3974 548 4040 Aest:
572 3974 723 4052 ὑπόθεσις
751 3999 803 4040 του
833 3973 989 4059 παρόντος
1012 3974 1196 4104 ποιηματος,
1225 3973 1294 4033 tum

160 4081 209 4120 και
224 4060 316 4122 τοῦτο
331 4079 423 4141 pro
408 4061 612 4146 ἐντούτῳΑ.
