3092 4662
659 398 851 459 ..7.-

188 582 337 667 fugerunt
359 582 443 648 enim
466 581 603 648 Bekkeri
624 582 791 648 oculorum
811 581 913 648 aciem
935 617 977 630 -
1003 581 1128 665 primus
1148 579 1320 646 inseruisse

187 691 339 760 traditur.
351 727 394 744 -
403 691 577 773 Semelen,
594 690 711 758 Iuliani
723 696 757 757 et
768 690 892 757 Lebrsii
904 689 1061 758 editiones
1076 690 1111 755 in
1121 690 1206 756 notis
1222 709 1320 774 saepe

193 803 280 870 »reli
302 808 378 886 post
391 801 529 868 Bekker.
546 802 640 869 edd«
664 802 715 868 vel
729 807 906 886 praeeunte
921 800 1059 868 Belikeri
1073 800 1203 868 nomine
1230 799 1319 867 mell.

188 913 283 980 'edde
309 913 447 996 signavi3
476 913 601 980 numeri
621 913 656 978 in
676 915 785 978 textus
806 912 951 994 margine
971 911 1062 978 uncis
1081 909 1240 993 angulatis
1261 909 1322 976 cir·

190 1011 376 1107 cumscripli
390 1028 464 1089 sunt
478 1022 671 1090 Beblieriani
686 1027 719 1090 et
732 1022 900 1090 Lehrsiani
914 1024 977 1107 (pr.
993 1021 1093 1106 edit),
1113 1021 1202 1087 00010
1216 1020 1321 1086 curvis

189 1133 381 1200 circumdati
402 1137 511 1200 antem
527 1131 703 1202 editionum
719 1137 794 1200 ante
808 1131 998 1212 Bekkcmm,
1021 1151 1157 1217 quorum
1170 1149 1321 1197 numeros

187 1245 321 1310 retinuit
341 1243 454 1310 Iulien.

264 1353 343 1420 Post
356 1352 483 1420 Lebrsii
498 1352 671 1422 editionem
686 1375 770 1438 quae
783 1357 945 1438 apparatu
959 1353 1070 1420 critico
1085 1352 1216 1420 omnino
1232 1356 1321 1420 earet

188 1463 276 1530 nulla
298 1464 364 1530 alia
384 1463 429 1530 ad
449 1463 535 1530 hunc
556 1483 657 1548 usque
677 1463 764 1530 diem
785 1463 873 1531 foras
895 1464 973 1529 data
994 1468 1059 1544 est;
1081 1483 1186 1546 neque
1207 1467 1316 1529 tamen

189 1573 372 1640 Golluthum
393 1573 602 1657 neglexerunt
622 1573 682 1638 viri
705 1573 801 1640 docti.
853 1573 1011 1641 Ricardus
1033 1571 1215 1639 Volkmann
1237 1591 1315 1640 sane

191 1703 275 1767 quae
298 1684 429 1752 assidua
451 1684 588 1751 lectione
607 1686 642 1749 in
663 1695 774 1751 nostro
794 1685 934 1750 carmine
948 1684 1071 1750 lacunis
1085 1684 1225 1750 maxime
1238 1683 1322 1754 indi·

189 1794 300 1862 candia
322 1795 464 1862 correxit
485 1794 587 1862 noluit
608 1794 729 1879 publici
747 1795 826 1863 iuris
847 1795 962 1875 100000,
984 1795 1102 1861 certior
1123 1793 1244 1875 factus,
1266 1793 1323 1862 do·

188 1909 277 1972 ctum
300 1925 372 1971 esse
392 1905 539 1972 iuvenem
555 1905 646 1972 onius
663 1905 741 1972 clim
757 1905 976 1971 familiaritate
991 1903 1162 1987 gaudebat,
1186 1903 1322 1976 eandem

187 2015 255 2082 fere
281 2015 451 2082 materiam
477 2036 580 2099 prope
608 2014 693 2081 diem
720 2018 935 2082 tractaturum
963 2017 1005 2099 (v.
1028 2013 1322 2106 commentationes

187 2125 319 2209 Epicae,
335 2126 463 2208 Lipsiae
487 2128 571 2194 1854
585 2147 617 2208 p.
633 2125 686 2210 V),
710 2125 768 2191 sed
789 2126 895 2192 minus
908 2145 1005 2209 quam
1020 2125 1203 2192 Volkmann
1216 2125 1319 2218 veriti,

187 2257 229 2303 ne
252 2237 365 2302 alienia
381 2237 497 2302 studiis
513 2241 724 2320 praepostera
740 2257 817 2302 cura
838 2235 983 2304 officiant
1000 2236 1174 2320 plurimum
1189 2234 1233 2300 ad
1249 2232 1322 2300 001-
1372 2216 1380 2234 s

189 2345 315 2412 luthum
329 2345 566 2412 emendandum
581 2346 785 2412 contulerunt
795 2346 857 2412 viri
871 2346 1070 2429 sagacissimi
1083 2347 1121 2412 0.
1133 2337 1320 2424 Schneider,

188 2458 245 2542 qui
260 2457 294 2522 in
319 2456 561 2523 »Coniectaneis
582 2457 626 2521 ad
647 2455 848 2522 Oolluthum«
875 2456 1003 2540 (Philoi
1019 2457 1060 2522 23
1075 2477 1107 2538 p.
1123 2457 1323 2522 404-447-

187 2565 457 2651 plum‘mcsnostri
478 2565 565 2632 locos
587 2565 773 2648 saepissime
794 2567 921 2649 egregie
935 2567 1076 2634 mrrexit
1097 2565 1321 2634 011111000-

187 2677 258 2742 nier
279 2676 334 2762 qui
355 2677 390 2742 in
410 2675 520 2744 libello
535 2676 667 2742 Parisiis
682 2695 714 2742 a.
731 2675 1246 2761 18700010000100000000
1268 2695 1324 2741 sm·

194 2785 407 2870 colluthus«)
435 2783 589 2852 nonnulla
609 2789 720 2852 textus*
743 2784 822 2852 vitia
845 2784 912 2850 iam
937 2784 980 2850 ab
1005 2783 1077 2850 aliis
1099 2783 1323 2851 animaduersa

188 2917 273 2964 nova
286 2897 340 2962 via
354 2895 527 2964 emendare
542 2895 675 2971 studuit,
689 2894 756 2960 alia
768 2893 893 2978 primus
908 2895 1068 2960 detexisse
1083 2893 1146 2960 sibi
1159 2894 1246 2961 01000
1260 2900 1319 2974 est,

187 3007 223 3072 in
240 3005 297 3072 illo
319 3025 418 3090 quam
441 3007 473 3070 in
495 3005 558 3072 boe
579 3004 712 3084 felicior,
734 3009 772 3070 01
793 3009 882 3072 recte
903 3003 1056 3071 indicavit
1076 3005 1117 3074 0.
1130 3004 1163 3070 S.
1178 3005 1325 3090 (8010001-
1344 3027 1347 3029 ·

188 3117 262 3200 der)
289 3117 345 3200 qui
368 3115 464 3182 huius
494 3115 596 3182 libelli
620 3135 790 3182 censuram
811 3114 878 3198 egit
901 3115 937 3180 in
966 3109 1238 3198 erilologischer
1258 3114 1323 3184 An·

188 3227 311 3310 miger«
338 3227 486 3306 111870,
508 3247 541 3310 p.
559 3228 739 3294 194-198.
772 3226 947 3293 Ptaeterea
968 3225 1123 3293 nonnulla
1146 3225 1324 3308 attigerint

187 3337 340 3404 Ludwich
360 3341 394 3403 et
416 3336 536 3402 Tiedlie
557 3336 591 3402 in
612 3335 934 3404 commentationibus
947 3353 1028 3420 quas
1042 3334 1087 3400 de
1101 3338 1172 3400 arte
1188 3335 1323 3404 metrica

188 3445 295 3514 Nonni
317 3446 449 3530 eiusque
472 3450 669 3513 sectatorum
696 3445 876 3514 ediderunt.
898 3484 936 3496 -
962 3445 1084 3512 Horum
1113 3445 1256 3512 omnium
1275 3445 1323 3512 la-

189 3557 285 3624 bores
297 3554 448 3623 indicatis
464 3555 562 3622 eliam
573 3556 620 3622 eis
631 3554 740 3622 Nonni
750 3554 829 3622 locis
843 3575 864 3620 a
876 3554 1025 3622 Collutho
1036 3555 1171 3622 imitatis
1187 3576 1323 3644 qnorum

188 3667 309 3734 notitia
335 3666 379 3733 ad
405 3687 475 3732 rem
496 3667 640 3732 criticam
662 3665 770 3732 facere
791 3664 975 3745 videbatur,
1001 3665 1035 3730 in
1060 3665 1123 3732 bac
1149 3667 1323 3732 novissima

188 3776 331 3844 editione
353 3775 413 3844 sub
436 3796 571 3842 0000100
592 3779 724 3844 vocatos
737 3775 912 3842 lectoribus
932 3795 972 3841 ea
987 3775 1028 3842 de
1041 3796 1142 3843 causa
1155 3777 1321 3861 proposui,

189 3907 230 3953 ne
252 3905 371 3953 causae
393 3905 621 3970 nonnunquam
643 3885 873 3952 subtilissimae
890 3885 1005 3971 quibus
1026 3885 1178 3953 inductus
1198 3886 1323 3953 tradita

190 4001 309 4080 poetae
329 3995 428 4062 verba
441 3995 524 4094 alios
538 3999 667 4062 secutus
681 3996 819 4076 mutavi,
848 3997 982 4072 lateant,
1003 4015 1064 4080 ego
1077 4002 1188 4063 autem
1203 3996 1322 4062 nimiae

192 4107 387 4183 minoritatis
407 4105 537 4190 culpam
558 4106 722 4174 incurrere
742 4106 866 4175 credar.
