3078 4654
730 356 938 416 ..72-

272 541 376 601 referri
396 542 524 616 putavit,
552 557 589 599 ne
609 542 663 600 hoc
683 541 798 613 quidem
821 539 893 599 satis
913 541 1023 614 placet,
1050 557 1113 599 cum
1137 545 1259 614 recepta
1278 541 1312 598 M
1331 540 1401 600 libri

272 637 397 695 lectione
411 636 498 709 plana
513 634 637 694 evadeat
650 635 808 693 sententia:
830 633 956 693 (ledite
974 651 1017 693 ex
1031 635 1129 693 bello
1143 634 1228 692 mihi
1247 633 1402 694 adsueto

273 729 356 800 (dicit
370 726 471 806 ἀγῶνα
484 727 548 806 περὶ
563 727 696 796 κάλλους,
717 733 863 786 caeterum
877 726 928 785 cfr.
943 727 1127 786 Homericum
1140 723 1226 784 εἴκειν
1245 725 1401 801 πολέμου

273 821 322 879 καὶ
341 821 502 900 δηϊοτῆτος)
523 822 647 881 cedite
667 821 835 880 victoria!
865 821 962 891 Atque
982 817 1126 896 σονηθεος
1144 819 1320 892 probaverat
1340 820 1400 877 iam

273 917 416 977 Tournier
435 936 464 991 p.
481 925 526 990 25,
547 918 597 989 qui
616 922 713 974 tamen
733 909 874 993 σονηθεος
893 930 949 972 non
969 911 1008 971 ad
1027 910 1169 988 πολέμοιο,
1190 913 1242 970 sed
1263 913 1301 971 ad
1322 913 1402 989 νίκης

274 1011 390 1082 retulit;
410 1009 476 1070 fort.
491 1017 580 1070 reete.
597 1043 631 1052 -
646 1007 743 1076 ειξστε
756 1007 798 1078 Μ,
818 1003 914 1074 εἴξστσ
929 1012 996 1065 ante
1011 1022 1083 1065 corr.
1100 1005 1131 1075 Ο,
1151 999 1240 1082 ἧξστε
1255 1008 1294 1078 Q3
1314 1005 1403 1082 μίκης

273 1105 323 1177 Μ;
341 1138 369 1146 -
396 1103 452 1165 173
473 1106 519 1164 hic
533 1121 633 1163 versus
647 1104 714 1162 olim
734 1107 800 1176 post
819 1119 845 1158 v.
865 1103 917 1159 lll
939 1101 1101 1173 legebatur,
1121 1105 1201 1159 recte
1221 1101 1403 1174 transposuit

278 1198 421 1258 Toumier
433 1217 462 1272 p.
477 1206 523 1272 25,
543 1197 724 1271 improbante
744 1196 814 1253 licet
832 1195 1008 1254 Schneidero
1028 1211 1095 1253 rec.
1116 1213 1144 1268 p.
1162 1201 1224 1254 195.
1246 1229 1280 1236 -
1303 1191 1328 1250 ὦ
1348 1213 1403 1268 pro

273 1293 370 1365 priore
381 1288 414 1350 οὐ
425 1293 533 1351 habent
546 1295 589 1347 bn
602 1292 716 1360 Portus,
730 1289 855 1359 Ubeius;
867 1287 1000 1362 βασιλεῖα
1011 1288 1057 1359 Μ;
1072 1307 1106 1344 ου
1116 1305 1169 1360 pro
1180 1287 1209 1344 el
1219 1289 1261 1360 Μ,
1276 1289 1353 1346 unde
1367 1283 1403 1344 οὐ
1520 1281 1521 1298 ³

272 1388 385 1459 recepit
398 1387 539 1446 Tournier
552 1402 581 1459 p.
596 1393 657 1457 25.;
677 1382 766 1460 σορὸς
780 1383 825 1454 Μ;
845 1379 908 1439 ἐστὶ
921 1382 962 1454 Μ,
983 1378 1047 1439 ἐστι
1060 1381 1186 1454 Bellen
1207 1387 1237 1440 et
1256 1383 1321 1440 rell.
1335 1389 1404 1454 post
1520 1391 1521 1402 l

275 1495 339 1536 eum
355 1479 429 1551 edd.‚
451 1475 515 1536 ἐσσὶ
530 1475 619 1550 (ἐσσι)
633 1479 695 1536 rell.
711 1476 794 1536 codd.
810 1480 840 1533 et
854 1475 929 1548 edd.,
943 1473 998 1550 εἶμι
1013 1491 1048 1533 ex
1060 1474 1213 1532 Tournerii
1233 1476 1402 1534 coniectura

277 1576 317 1645 (p.
334 1576 382 1643 25)
403 1573 509 1644 recepi.
540 1570 591 1630 clr.
612 1571 759 1629 Hermann
780 1589 807 1644 p.
826 1576 873 1628 16:
909 1571 1007 1641 »Quae
1032 1569 1079 1626 hic
1103 1585 1160 1628 non
1185 1568 1332 1628 adiuvisse
1354 1569 1404 1627 Iu-

273 1679 377 1723 nonem
398 1664 504 1722 dicitur
523 1662 639 1721 σακέων
657 1663 798 1738 βασίλειοι,
820 1661 867 1720 καὶ
885 1662 913 1720 el
923 1661 1014 1737 πυρὸς
1027 1658 1090 1720 ἔστι
1105 1662 1171 1737 [sie]
1194 1661 1301 1740 τιθήνη,
1324 1663 1403 1721 utin

275 1755 338 1815 cod.
360 1756 433 1814 Mut.
454 1773 506 1829 pro
528 1758 644 1830 vulgato
665 1752 729 1812 ἐσσὶ
749 1758 900 1829 scriptum,
926 1755 1079 1813 ridiculum
1104 1761 1195 1824 esset,
1222 1757 1246 1813 si
1268 1756 1399 1813 5111Μί-

274 1865 365 1909 nerva
385 1856 477 1922 esset,
504 1855 536 1906 ut
555 1850 704 1923 Lennepio
725 1850 828 1908 visum:
855 1851 903 1922 qui
925 1851 999 1907 enim
1019 1849 1105 1920 haec,
1130 1849 1179 1907 ubi
1200 1849 1265 1922 ipsa
1285 1851 1403 1907 vincere

275 1944 401 2011 volebat,
421 1943 522 2002 lunoni
543 1937 726 2003 conciliasset
746 1941 915 2002 victoriam?
936 1948 987 2001 aut
1007 1941 1090 2015 adeo,
1111 1942 1187 2014 quod
1202 1942 1317 2002 censori
1332 1942 1404 2000 Hei-

274 2037 457 2112 delbergensi
484 2039 513 2095 in
538 2046 664 2097 mentem
689 2039 783 2110 venit,
809 2039 912 2095 coniux
937 2036 1060 2094 Vulcani
1086 2036 1197 2094 Gratia.
1237 2037 1320 2108 Enyo
1347 2042 1403 2107 est,

274 2149 359 2204 quam
379 2131 450 2191 dicit
469 2137 566 2204 poeta,
587 2132 678 2190 facem
700 2136 845 2202 gestans«.
876 2131 909 2187 ln
923 2129 1066 2201 Lennepii
1086 2129 1278 2201 explicatione
1299 2129 1348 2200 qui
1371 2135 1403 2187 et

273 2226 337 2298 ipse
357 2226 476 2284 offendit
496 2227 597 2294 Iulien,
619 2225 803 2297 transpositis
824 2221 1012 2282 hemistichiis
1032 2224 1126 2280 locum
1140 2223 1182 2280 sic
1196 2219 1400 2281 conformavit:

428 2348 461 2408 οὐ
481 2351 597 2410 σακέων
615 2351 756 2426 βασίλειοι,
779 2351 827 2408 καὶ
846 2351 874 2408 εἰ
891 2350 954 2427 δορὶ
970 2351 1101 2427 μαίνεται
1115 2346 1208 2428 Ἄρης,

428 2439 462 2501 οὔ
483 2465 529 2503 σοι
541 2439 626 2524 ’Ἄρης
645 2441 771 2521 ἐπάρηξε
790 2444 839 2501 καὶ
858 2445 886 2502 εἰ
903 2443 993 2520 πυρὸς
1008 2443 1079 2519 ἐσσὶ
1100 2442 1208 2522 τιθήνη,
1229 2451 1284 2503 etc.

275 2571 351 2644 qnod
373 2573 474 2630 vertit:
508 2573 599 2646 aNon,
620 2578 767 2631 scutorum
787 2572 901 2644 regina!
930 2573 1001 2631 licet
1020 2573 1105 2630 hasta
1124 2570 1203 2629 furat
1222 2571 1317 2640 Mars,
1345 2589 1404 2632 non

274 2665 355 2725 Mars
381 2673 412 2726 te
438 2667 563 2738 adinvit3
594 2668 663 2725 licet
687 2667 762 2740 ignis
788 2668 827 2724 sis
853 2667 963 2739 nutrix,
988 2683 1045 2725 non
1070 2664 1203 2723 flammae
1228 2665 1350 2723 Vulcani
1371 2671 1405 2724 te

276 2759 422 2834 adiuvere,
443 2763 512 2820 licet
532 2760 665 2820 flammae
685 2761 818 2834 spiritum
839 2763 869 2832 (i.
885 2777 910 2819 e.
931 2762 1050 2835 ignem
1071 2759 1275 2831 ardentem)
1295 2760 1405 2833 produ-

275 2859 350 2911 cat«.
380 2855 421 2912 Et
440 2855 573 2912 similiter
594 2870 647 2926 ego
668 2855 731 2927 ipse
751 2854 904 2912 lectionem
925 2855 993 2914 olim
1008 2854 1152 2923 constitui,
1173 2854 1229 2912 nisi
1249 2853 1325 2926 quod
1346 2871 1402 2927 pro

276 2947 392 3003 σακέων
411 2945 553 3020 βασίλειοι,
575 2947 651 3019 quod
672 2963 756 3018 quam
777 2963 879 3019 parum
900 2955 968 3021 apte
989 2948 1025 3006 de
1040 2949 1146 3006 lunone
1168 2947 1283 3005 dictum·
1296 2948 1343 3016 sit,
1367 2963 1404 3006 ex

276 3056 300 3097 v.
324 3045 387 3098 150.
416 3047 468 3098 151
492 3046 627 3114 apparet,
654 3055 689 3097 ex
714 3058 738 3098 v.
762 3047 814 3099 161
842 3038 995 3119 σκήπτρων
1018 3039 1152 3114 βασίλειοι
1177 3041 1301 3100 restitui.
1344 3039 1403 3100 Sed

276 3148 351 3189 nunc
375 3137 458 3191 tanto
478 3133 624 3191 molimine
644 3149 700 3191 non
721 3149 785 3192 esse
806 3150 878 3206 opus
898 3139 989 3206 ratus,
1009 3134 1161 3192 Toumerii
1182 3135 1335 3193 lectionem
1356 3149 1401 3192 se·

276 3234 359 3286 cutus
380 3243 452 3296 sum,
473 3241 567 3298 neque
588 3227 663 3284 enim
683 3232 777 3285 mater
791 3228 912 3288 Vulcani
933 3231 984 3285 aut
1003 3227 1100 3284 nutrix
1120 3232 1183 3285 erat
1195 3227 1287 3300 Enyo,
1309 3243 1402 3299 neque

276 3337 392 3380 causam
411 3320 546 3393 habebat,
567 3337 618 3379 cur
631 3321 767 3380 Iunonem
789 3320 948 3379 adiuvaret.
979 3315 1111 3393 Denique
1131 3322 1211 3379 nulla
1231 3321 1319 3380 debet
1337 3337 1401 3380 esse

275 3415 330 3474 hoc
343 3416 405 3474 loco
418 3414 517 3488 Enyus
531 3415 647 3486 mentio,
668 3430 731 3471 cum
747 3419 777 3472 et
790 3419 857 3471 ante
871 3412 946 3473 hunc
961 3429 1083 3486 versum,
1103 3415 1133 3471 in
1148 3431 1204 3486 qua
1225 3415 1295 3472 sede
1316 3415 1401 3487 vulgo

277 3509 430 3579 edebatur,
452 3512 568 3580 etpost
588 3524 653 3565 eum
673 3523 729 3565 non
750 3507 805 3564 nisi
825 3507 942 3564 lunonis
961 3505 1037 3566 filiae
1057 3505 1165 3578 filiique
1186 3508 1400 3566 commemorat'

277 3602 342 3660 sint.
364 3635 397 3642 —
419 3598 477 3659 174
498 3600 613 3676 αγλαΐην
633 3600 678 3670 Μ,
700 3595 798 3677 ἀγαΐην
817 3617 853 3658 m.
874 3617 917 3672 pr.
938 3601 967 3657 in
981 3601 1018 3671 P;
1039 3596 1155 3676 ἐφίλισα
1175 3620 1224 3656 και
1244 3600 1344 3678 σγλσῑη
1362 3619 1400 3676 με
1429 3603 1431 3608 ’
1520 3623 1521 3678 3

277 3693 377 3750 διωκει
396 3695 442 3765 Μ;
472 3695 545 3754 bena
572 3694 705 3753 adhunc
728 3711 842 3753 versum
863 3694 969 3752 Tibulli
984 3694 1035 3763 (IV
1050 3701 1075 3752 2.
1091 3697 1130 3764 8.)
1151 3693 1403 3765 subsequitur-

278 3804 343 3860 que
364 3787 471 3846 decor
491 3788 602 3847 confert
622 3786 752 3848 Graefius
773 3806 801 3861 p.
817 3795 881 3846 246.
903 3819 940 3828 -
961 3783 1019 3845 175
1039 3805 1112 3863 φασι
1125 3804 1160 3843 σε
1172 3787 1214 3858 Μ,
1228 3790 1349 3861 φασῐμε
1364 3788 1401 3859 Q3

274 3878 367 3959 pprpp
381 3881 512 3954 AOLQi
528 3880 610 3958 ossoeog
623 3883 695 3954 AQ3
709 3879 886 3938 νποδινεσσιν
898 3880 939 3945 Μ,
955 3877 1131 3937 ὑποδίνεσσιν
1147 3881 1184 3951 Q3
1199 3875 1293 3947 ἀεξειν
1306 3881 1353 3952 Μ;
1367 3912 1400 3924 -

278 3973 336 4034 176
358 3973 491 4052 ηϋκύμων
509 3996 638 4053 χοριτων
652 3977 698 4048 Μ;
720 3973 796 4053 ceptio
809 3975 842 4032 M
855 3979 921 4046 post
936 3991 1008 4033 corr.
1025 3992 1059 4033 ex
1074 3975 1172 4052 ιερῶν;
1188 4007 1223 4016 ψ
1244 3972 1300 4032 177
1321 3972 1402 4052 ηρνη-
1520 3975 1521 3978 ’

277 4089 367 4127 σαντο
376 4069 417 4141 Μ,
432 4064 625 4146 ἀνηρνησαντο
637 4071 674 4142 Q3
689 4088 724 4126 ου
734 4069 780 4140 Μ;
795 4067 934 4144 ευρεςΜ,
948 4063 1034 4143 εὗρες
1043 4070 1083 4140 Ν;
1098 4063 1217 4145 ἀρωγόν
1228 4069 1269 4140 Μ,
1285 4067 1402 4125 Bekker
