3092 4662
466 699 722 1130 A
898 990 942 1118 ·,

693 1117 757 1185 ua

728 1271 770 1357 u
872 1273 929 1340 sv

245 1459 270 1524 Ο
292 1462 325 1525 et
346 1458 382 1540 L,
394 1439 397 1446 ’
409 1459 464 1543 qui
486 1479 584 1544 saepe
605 1458 692 1526 inter
712 1480 745 1526 ae
774 1459 983 1540 consentiunt,
1010 1459 1108 1528 modo
1137 1460 1182 1525 ad
1203 1460 1233 1526 A
1251 1459 1287 1540 Q,

156 1567 254 1637 modo
288 1567 331 1634 ad
360 1569 430 1636 NR
457 1571 591 1654 propius
620 1571 777 1646 secedunt
807 1575 840 1637 et
868 1570 991 1636 nullam
1020 1574 1142 1638 certam
1169 1571 1204 1636 in
1230 1569 1291 1637 hoc

157 1683 327 1746 stemmate
341 1678 449 1746 sedem
463 1679 601 1761 habent3
616 1679 646 1744 G
660 1679 778 1746 librum
794 1700 833 1746 ex
848 1678 989 1747 editione
1004 1679 1200 1764 descriptum
1215 1699 1286 1746 esse

155 1789 224 1856 ium
247 1809 347 1872 supra
368 1790 486 1876 monui.
509 1827 552 1838 -

245 1898 338 1977 Quod
359 1904 467 1966 autem
489 1898 532 1966 ed
555 1900 635 1966 artis
655 1899 786 1966 criticae
800 1919 900 1983 genus
916 1899 1066 1967 collutho
1090 1898 1291 1966 emendando
1416 1953 1434 1976 ,-

158 2008 381 2076 adhibendum
396 2010 547 2094 pertinet,
570 2009 664 2076 velim
679 2008 889 2077 recordentur
903 2008 1039 2077 lectores
1053 2011 1208 2075 miserum
1223 2029 1293 2076 car·

158 2119 255 2186 minis
282 2124 403 2186 etatum
433 2141 454 2188 a
481 2118 675 2186 Schneidero
703 2139 735 2203 p.
750 2120 936 2186 404—407
959 2118 1217 2205 eloquentissime
1239 2119 1293 2186 de·

159 2229 331 2312 scriptum,
354 2234 396 2311 et,
419 2230 506 2313 quod
527 2230 730 2297 Hermannue
752 2231 876 2314 primus
898 2229 1141 2311 animadvertit,
1168 2229 1202 2296 in
1224 2228 1292 2297 Gol-

158 2337 252 2406 lutho
279 2345 347 2408 tres
376 2340 517 2406 maxime
544 2340 798 2426 perturbationis
827 2341 940 2408 modos
961 2341 1113 2426 reperiri,
1142 2341 1184 2407 ab
1213 2341 1293 2426 ipsis
1467 2347 1471 2356 '

159 2455 358 2520 monstratos
387 2451 565 2532 codicibus,
601 2451 750 2533 lacunae,
783 2451 1050 2536 transpositiones
1082 2471 1231 2518 versuum
1260 2455 1293 2518 et

160 2579 276 2626 manns
303 2563 502 2628 correctoris.
548 2560 670 2639 Quibus
699 2561 997 2646 perturbationibus
1026 2561 1054 2627 si
1082 2561 1219 2628 aliorum
1246 2560 1294 2626 in·

162 2671 265 2738 ventis
293 2671 376 2738 bene
401 2692 478 2738 usus
506 2671 682 2738 salutarem
711 2691 939 2756 nonnunquam
962 2690 1093 2736 menum
1115 2670 1294 2737 admovisse

161 2780 285 2862 credar,
309 2782 388 2848 satis
408 2803 460 2848 me
481 2782 594 2850 fecisse
616 2765 811 2849 arbitrabor}

247 2932 369 3022 Scripsi
389 2934 602 3020 Budnpestini
625 2935 692 3003 cal.
714 2935 811 3002 Mart.
834 2953 864 3002 a
886 2932 1157 3002 mcccclxxx.

1073 3124 1126 3203 E.
1155 3121 1289 3202 Abel.
