3092 4662
742 342 953 406 ..40-

288 525 396 604 κδμπον
416 524 508 603 ᾢαξε
521 547 549 584 κ.
563 525 613 587 cfr.
628 545 654 587 v.
670 535 705 588 55
721 534 772 586 aut
789 527 867 606 χειρὶ
887 525 921 586 δὲ
941 527 1021 605 γαίης
1034 524 1122 585 δυάδι
1137 525 1240 584 κόλπον
1253 523 1347 602 doc&
1361 547 1408 583 ›a‹

287 619 429 693 Lennepii
451 621 644 680 coniecturam
666 621 839 694 improbavit
858 623 945 681 etiam
970 619 1117 699 Hermann
1137 637 1165 693 p.
1182 627 1310 693 10-11,
1331 620 1410 691 qnia,

290 711 363 769 »nisi
382 713 458 784 quod
473 717 678 787 grammaticae
699 732 756 774 non
776 720 929 789 repugnat,
949 715 1020 773 nibil
1040 709 1300 774 baeo'oonieotnra
1319 713 1410 773 habet

287 803 441 864 laudabile.
480 807 556 866 Nam
580 824 616 867 ne
643 823 860 867 commemorem
886 809 1014 880 ineptum
1036 807 1077 882 [i]
1101 807 1148 864 bio
1174 807 1323 880 epitheton
1343 823 1409 865 esse

287 891 382 972 εὐρέα,
403 913 478 969 quae
498 899 627 958 illatam
647 901 801 974 singularis
820 902 897 960 ratio
918 906 963 959 est
981 897 1087 959 furoris
1108 898 1300 972 significandi,
1320 915 1409 957 manu

287 995 395 1048 terram
415 989 588 1062 percuteret
616 992 706 1052 Immo
726 993 775 1065 qui
795 993 837 1052 ita
864 999 932 1052 sunt
956 993 1018 1051 irae
1043 993 1230 1066 impotentes,
1256 991 1351 1050 solent
1377 1007 1409 1049 se

287 1083 365 1155 ipsos
378 1086 455 1141 totos
474 1084 503 1141 in
523 1088 630 1143 terram
651 1084 753 1158 digere
774 1092 804 1144 et
823 1087 901 1144 humi
924 1087 1047 1145 volvere.
1076 1084 1168 1157 quue
1188 1084 1275 1143 etiarn
1289 1084 1410 1142 Eridem

286 1171 390 1232 iecisse
410 1173 468 1232 dici
487 1175 533 1233 uel
557 1183 721 1250 corruptum
746 1176 819 1235 illnd
839 1173 909 1235 οὐδέ
928 1195 960 1233 τε
987 1192 1104 1236 monere
1128 1176 1268 1247 debebat,
1292 1177 1323 1234 in
1351 1191 1409 1248 quo

287 1267 350 1338 quis
364 1283 420 1325 non
434 1269 531 1326 statim
545 1269 643 1329 videat
665 1265 748 1326 οὔδεϊ
763 1271 875 1329 latere?
908 1267 1063 1329 confirmat
1082 1270 1157 1328 hanc
1178 1268 1409 1329 emendationem
1444 1344 1449 1348 ⁸

287 1361 431 1433 scriptura
455 1361 562 1421 codicis
587 1363 661 1421 Μαί.
686 1357 749 1419 οὐδ’
774 1359 902 1427 ακόλπας
927 1359 1026 1440 ἄραξε.
1069 1361 1152 1434 Quod
1179 1363 1203 1420 si
1228 1361 1302 1420 baec
1327 1368 1409 1422 recte

287 1454 468 1526 coniecimns,
489 1455 660 1526 relinquitur
683 1463 715 1512 ut
736 1454 878 1513 exciderit
897 1454 1006 1526 aliquid
1026 1454 1072 1512 vel
1093 1459 1159 1512 ante
1180 1472 1206 1510 v.
1220 1460 1257 1512 48
1280 1454 1326 1511 vel
1340 1459 1410 1512 ante

288 1545 377 1622 γαίης.
410 1547 437 1604 N
440 1562 486 1603 am
506 1547 631 1606 fortasse
651 1564 708 1607 non
728 1548 826 1620 inepte
846 1547 1027 1620 opinabimur
1045 1547 1119 1605 bano
1138 1547 1230 1619 ipsam
1244 1561 1342 1604 vocem
1357 1547 1411 1604 ali·

287 1638 356 1708 quid
377 1639 541 1710 contulisse,
563 1646 599 1696 ut
618 1641 820 1698 omitterentur
840 1641 983 1698 nonnulla.
1015 1640 1108 1711 Quum
1128 1640 1202 1698 eninr
1223 1639 1273 1711 qui
1293 1639 1332 1698 ad
1345 1645 1410 1698 tan·

287 1733 348 1786 tum
369 1729 579 1802 desperationis
599 1730 725 1791 furorem
747 1732 840 1790 evecti
860 1738 936 1803 sunt,
957 1734 1050 1790 crines
1071 1731 1127 1790 sibi
1140 1731 1304 1790 discindere
1319 1739 1408 1804 atque

287 1822 411 1880 evellere
433 1825 553 1896 soleant,
574 1826 635 1884 veri
656 1827 748 1884 simile
768 1825 892 1898 videtur,
911 1826 942 1884 id
963 1827 1050 1885 etiam
1070 1824 1106 1884 de
1126 1825 1217 1884 Eride
1238 1841 1303 1885 esse
1322 1841 1410 1898 prae-

288 1915 426 1974 dicatum:
448 1922 481 1974 nt
500 1935 526 1974 v.
541 1918 577 1976 47
599 1920 737 1992 scriptum
758 1917 847 1978 fuerit
864 1917 941 1996 χειρὶ
961 1917 995 1976 δὲ
1006 1917 1119 1996 χαίτης,
1140 1917 1275 1989 aquibus
1288 1918 1409 1977 vocibus

287 2006 325 2065 ad
345 2009 452 2068 similes
473 2008 507 2068 δὲ
528 2011 608 2087 γαίης
621 2012 759 2071 aberrans
773 2014 871 2071 oculus
885 2012 1066 2070 librariorum
1085 2011 1115 2068 iu
1133 2027 1260 2069 errorem
1281 2009 1409 2069 abduxe-

285 2099 352 2159 rit«.
398 2101 480 2161 Haec
511 2103 674 2176 Hermann,
706 2104 809 2176 quibus
838 2104 931 2162 Lebrs
959 2122 988 2177 p.
1007 2103 1075 2162 VIII
1099 2104 1154 2162 boc
1183 2104 1275 2162 solum
1305 2119 1406 2162 verum

286 2194 381 2253 inesse
406 2196 542 2268 putabat,
575 2197 733 2269 »Lennepii
757 2193 844 2271 εὐρέα
868 2199 997 2269 ineptum
1022 2213 1099 2267 esse3
1130 2195 1167 2254 de
1192 2196 1311 2267 reliquis
1337 2211 1407 2254 vero

285 2287 371 2359 longe
396 2290 481 2347 aliter
507 2290 653 2347 sentimus.
693 2290 725 2348 Si
751 2290 820 2361 quid
845 2290 882 2348 de
907 2294 1005 2348 nostro
1031 2291 1060 2346 in
1087 2294 1196 2346 textum
1221 2287 1406 2347 introducere

286 2379 489 2454 voluissemus,
516 2378 587 2449 ὀξέα
607 2383 832 2453 scripsissemus.
874 2383 928 2454 Qui
949 2399 1013 2440 cum
1034 2382 1198 2440 Hermanno
1219 2383 1248 2438 in
1268 2387 1404 2454 corrupta

286 2473 403 2544 uulgata
423 2473 587 2546 codicisque
600 2474 774 2532 Mutinensis
795 2475 919 2532 lectione
939 2491 1038 2533 vocem
1058 2469 1148 2538 οὖδας
1162 2490 1320 2546 agnoscere
1334 2474 1405 2537 vult,

288 2565 312 2623 is
334 2567 469 2625 coniiciat
488 2573 604 2640 poetam
624 2568 773 2640 scripsisse
794 2561 884 2631 οὖδας
909 2563 1057 2642 diapasoa
1082 2567 1170 2638 [quod
1195 2568 1225 2624 in
1250 2567 1405 2625 secundam

256 2681 257 2684 ¹
287 2659 442 2719 editionem
452 2661 574 2734 recepit]
586 2665 637 2718 ant
650 2655 807 2736 ἄκαρπανα.
829 2661 907 2732 Quas
921 2665 1017 2718 tamen
1031 2661 1210 2720 coniecturas
1225 2661 1270 2718 rel
1284 2664 1405 2732 propter

287 2753 507 2826 amphibrachos
528 2759 629 2812 contra
650 2755 797 2827 epicorum
817 2769 925 2812 morem
946 2753 1126 2811 continuatos
1139 2758 1221 2810 recte
1234 2752 1405 2825 improbavit

285 2845 427 2905 Toumier
445 2864 473 2919 p.
490 2854 533 2904 12.
574 2846 705 2905 Omnium
732 2847 838 2918 optime
863 2850 897 2904 ut
919 2846 995 2904 solet
1017 2843 1174 2904 Schneider
1193 2862 1221 2917 p.
1237 2850 1307 2903 411:
1341 2860 1401 2902 »er-

286 2953 352 2995 rare
377 2937 447 2994 mibi
471 2937 586 2995 videtur
606 2937 809 3018 [Hoermannua]
835 2937 912 3008 quod
940 2937 977 2993 ad
1003 2935 1162 2995 furorem
1188 2934 1405 3007 significandum

286 3030 357 3088 Erin
378 3029 436 3087 dici
454 3034 539 3103 putat
552 3045 639 3086 manu
654 3036 761 3088 terram
776 3033 937 3102 percutere.
968 3045 1060 3100 neque
1075 3030 1149 3086 enim
1163 3027 1304 3086 furentem
1319 3036 1405 3101 poeta

286 3124 333 3181 hic
347 3121 418 3180 facit
431 3122 512 3194 Erin,
533 3122 585 3180 sed
606 3123 745 3181 incertam
766 3123 834 3196 quid
855 3131 933 3195 agat,
954 3126 987 3180 ut
1006 3122 1125 3181 deorum
1146 3121 1255 3193 epulas,
1276 3121 1313 3179 ad
1334 3138 1404 3193 quas

286 3215 348 3274 sola
361 3231 417 3274 non
438 3219 502 3272 erat
522 3221 657 3274 uocataa
674 3214 771 3287 Peleo,
791 3214 898 3287 turbet,
918 3221 948 3273 et
968 3213 1052 3274 modo
1071 3214 1126 3272 hoc
1145 3214 1229 3272 modo
1249 3205 1320 3270 illud
1341 3229 1406 3271 eon·

286 3309 382 3368 silium
395 3308 556 3382 capientem
569 3305 688 3378 inducit,
706 3307 784 3364 velut
798 3312 904 3364 terram
919 3307 1013 3377 quatit
1027 3313 1059 3362 ut
1072 3305 1222 3362 Titanibus
1236 3303 1404 3364 facultatem

286 3401 337 3461 det
361 3399 538 3474 erumpendi.
568 3415 624 3470 quo
649 3405 802 3472 perspecto
828 3405 857 3457 et
882 3405 1013 3471 apertum
1042 3403 1086 3455 est
1118 3412 1235 3455 causam
1260 3414 1315 3456 non
1342 3413 1405 3454 esse

286 3509 338 3551 cur
356 3501 424 3567 post
442 3510 467 3551 v.
484 3495 520 3550 47
541 3509 604 3550 curn
619 3492 784 3549 Hermanno
803 3496 937 3568 putemus
959 3491 1069 3561 aliquot
1083 3507 1182 3548 versus
1198 3507 1262 3548 esse
1277 3491 1406 3558 omissos,

287 3594 317 3645 et
337 3587 428 3656 quivis
448 3586 558 3644 videbit
577 3603 629 3657 pro
650 3580 753 3661 ἤθελεν
773 3581 917 3659 ὀρφναίων
937 3601 962 3641 ν.
978 3589 1014 3640 49
1036 3581 1219 3643 scribendum
1240 3599 1304 3640 esse
1318 3577 1406 3658 ἤθελε

287 3677 316 3734 δ’
336 3675 495 3754 ὀρφναίων,
525 3683 592 3752 post
616 3677 720 3754 πέτραν
744 3677 840 3750 posita
865 3693 920 3734 non
951 3675 1074 3732 maxima
1104 3676 1349 3748 interpunctione,
1374 3683 1407 3732 ut

286 3770 437 3829 Belrlrerus
457 3769 535 3843 lecit,
555 3772 606 3830 sed
627 3771 730 3829 media.
772 3771 828 3829 Sed
848 3787 884 3828 ne
905 3767 1083 3838 sicquidem
1108 3774 1279 3842 persanatus
1302 3773 1347 3826 est
1366 3768 1407 3826 lo·

287 3879 346 3920 cus.
377 3879 442 3920 nani
463 3880 548 3934 quum
569 3883 595 3922 v.
609 3871 646 3924 48
667 3864 839 3922 Mutinensis
860 3861 967 3920 babeat
979 3855 1041 3917 οὐδ’
1062 3859 1190 3924 ακόλπος
1203 3858 1302 3936 αραξε,
1324 3865 1408 3933 patet

287 3955 368 4016 aliud
387 3956 455 4028 quid
476 3959 626 4029 scripsisse
648 3964 735 4028 atque
754 3955 908 4013 Beklrerus
930 3953 1032 4012 edidit.
1063 3954 1140 4025 quod
1167 3952 1236 4025 quid
1256 3953 1295 4010 sit
1314 3953 1407 4010 incer·

289 4057 349 4108 tum
370 4054 442 4107 est«.
473 4049 614 4120 Equidem
636 4049 794 4107 innumeris
816 4048 977 4119 scripturae
997 4045 1075 4103 vitiis
1088 4046 1282 4104 Mutinensem
1301 4045 1408 4102 librum
