3078 4654
604 343 817 405 ..73-

140 533 174 588 et
193 529 255 587 rell.
276 534 343 602 post
363 544 427 586 eum
443 525 517 598 edd,
539 522 654 604 ἀρωγήν
674 527 737 584 rell.
751 525 834 586 codd.
851 532 881 585 et
895 526 959 588 edd.
990 527 1086 599 Atque
1107 525 1227 605 ἀρωγόν
1240 531 1270 588 in

42 701 48 706 ¹
141 623 334 694 suspicionem
351 621 463 681 vocavit
475 620 587 680 Tiedlre
601 621 630 678 in
644 620 752 679 Herma
765 620 834 679 XIII
854 638 881 693 p.
899 628 964 692 352,
986 638 1049 680 cum
1063 622 1181 681 Nonnus
1202 640 1271 695 oxy-

141 717 219 774 tonis
240 717 326 773 trium
347 715 535 789 syllabarum,
560 715 589 770 in
610 714 777 772 trochaeum
797 715 969 773 exeuntibus
997 731 1109 773 versum
1135 717 1270 775 claudere

139 809 257 867 nonsit
278 810 389 867 solitus.
427 808 534 866 Verum
555 809 717 865 enimvero
739 813 769 865 et
786 809 908 866 Paulum
928 809 1133 883 Silentiarium,
1156 816 1185 869 et
1205 809 1270 866 Mn·

142 917 243 960 seeum
265 908 295 960 et
314 902 542 976 Tryphiodorum
564 901 600 960 ab
620 902 705 959 huius
725 904 843 976 regulae
864 905 1019 963 severitate
1041 905 1209 964 discessisse
1228 905 1270 964 ita

140 996 275 1068 exposuit
285 996 348 1067 ipse
358 994 470 1054 Tiedke
481 996 499 1052 l.
510 996 538 1066 λ.,
553 1000 585 1052 ut
597 993 730 1055 (lollutho
744 1011 857 1068 quoque
870 997 945 1056 hanc
959 999 1105 1056 licentiam
1119 999 1270 1072 ignoscere

140 1089 244 1146 merito
259 1089 410 1161 possimus.
422 1121 457 1130 -—
473 1085 529 1147 178
544 1085 577 1146 οὐ
591 1088 636 1145 col
650 1086 783 1167 ἀρηςΜ;
797 1089 868 1166 δορυ
880 1091 926 1162 Μ;
941 1109 984 1150 vv.
998 1094 1149 1152 179-182
1163 1094 1192 1150 in
1205 1094 1238 1151 M
1252 1109 1270 1150 α

140 1181 173 1238 M
186 1189 203 1240 3
225 1181 336 1239 exarati
357 1181 498 1252 videniur,
519 1187 550 1240 et
569 1182 612 1240 ita
625 1183 750 1255 quidem,
771 1189 804 1240 nt
817 1184 906 1242 verba
920 1180 952 1240 οὐ
966 1182 1076 1260 φλόγες
1090 1191 1120 1243 et
1133 1183 1178 1241 οἷα
1192 1203 1226 1240 τε
1240 1185 1268 1242 in

141 1273 264 1333 aliorum
278 1274 481 1333 vocabulorum
495 1291 599 1333 rasura
612 1276 721 1347 scripta
742 1277 807 1334 sint.
820 1311 856 1319 -
879 1274 935 1335 179
957 1275 990 1334 οὐ
1010 1277 1120 1354 φλυγδς
1141 1279 1178 1349 Ως
1200 1275 1269 1354 ηφέ-

141 1385 222 1424 στοιο
245 1366 276 1440 (l,
296 1365 446 1444 ἠφαίστοιο
468 1368 567 1440 APQ3
588 1364 689 1443 ἄσδμα
702 1368 863 1442 LNPQS,
884 1368 984 1446 άοδμα
999 1371 1035 1442 03
1055 1366 1194 1447 ἠμύναντο
1215 1389 1268 1444 pro

135 1458 304 1538 Ἡφαίστοιο
325 1477 360 1518 ex
380 1462 477 1534 glossa
495 1462 607 1520 scilicet
625 1468 698 1533 orto,
720 1468 750 1519 et
765 1460 869 1542 λογεάη
883 1465 956 1522 coni.
971 1465 1114 1523 Tonrnier
1128 1483 1155 1538 p.
1174 1472 1219 1524 26.
1234 1497 1264 1506 -
1357 1461 1359 1468 ’

142 1551 203 1612 180
225 1571 343 1626 comma,
364 1555 441 1627 quod
455 1555 574 1627 Lennep
595 1560 710 1613 secutus
732 1571 749 1612 a
769 1555 913 1629 Bekkero,
938 1558 1115 1630 Hermanno,
1136 1559 1267 1630 Lehrsio‚

141 1647 318 1707 Schneidero
340 1649 428 1707 tacite
448 1655 514 1721 post
535 1643 698 1724 ἀνεμώλιος
718 1649 896 1719 traduxerat,
919 1651 1013 1710 Iulien
1033 1654 1175 1725 pristinae
1195 1651 1267 1723 sedi,

140 1747 209 1814 post
229 1738 366 1809 κυδιάεις,
387 1741 461 1798 mele
477 1742 613 1799 restituit.
644 1741 689 1798 De
705 1759 747 1799 vv.
766 1745 914 1801 rso-187
930 1743 1003 1802 haee
1017 1743 1165 1802 Hermann
1178 1763 1206 1817 p.
1224 1752 1267 1804 16.

143 1837 193 1894 li:
223 1833 391 1892 »Bekkerus
412 1835 496 1906 signa
516 1835 696 1892 exclamandi
715 1836 813 1908 posuit
833 1841 899 1908 post
918 1832 1070 1914 Ἀτρυτώνη
1092 1841 1122 1896 et
1141 1841 1208 1910 post
1220 1835 1267 1894 πέ-

140 1928 230 1992 πλοις.
270 1929 315 1986 Εα
334 1928 410 1996 ratio
432 1929 456 1985 si
477 1944 545 1986 vora
566 1934 656 2000 esset,
682 1930 712 1984 in
733 1929 831 2000 qulnto
852 1929 953 1987 horum
978 1946 1111 1987 versuum
1134 1932 1267 2003 [v.184]‚

141 2028 238 2080 mente
263 2021 453 2094 repetendum
480 2027 558 2079 esset
584 2019 720 2085 κυδιάεις.
766 2022 806 2078 At
830 2028 889 2079 tum
916 2028 995 2080 certe
1026 2028 1092 2095 post
1112 2019 1267 2102 Ἀτρυτώνη

141 2116 255 2188 signum
280 2115 351 2173 illud
377 2131 433 2174 non
458 2120 539 2172 reete
565 2119 730 2187 poneretur.
771 2114 920 2173 Debereut
945 2116 1021 2174 enim
1042 2117 1203 2176 sententiae
1224 2119 1267 2177 ita

141 2207 312 2267 cohaerere:
338 2204 385 2263 οἷα
399 2204 536 2278 κυδιάεις,
556 2204 599 2262 ὅτι
614 2225 649 2262 σε
663 2205 754 2283 γάμος
773 2204 826 2264 οὐκ
847 2202 991 2282 ἔσπειρεν·
1012 2206 1058 2264 οἷα
1072 2208 1114 2282 δέ,
1135 2207 1179 2266 ὅτι
1197 2209 1267 2289 χαλ-

141 2298 222 2365 κέοις
241 2298 337 2364 ὅπλοις
360 2295 492 2378 καλώπιη.
524 2299 582 2359 Sed
601 2316 638 2356 ne
658 2300 700 2357 sic
721 2300 836 2372 quidem
857 2303 953 2359 omnia
971 2307 1052 2360 recte
1066 2303 1266 2374 procederent.

141 2395 244 2465 Neque
261 2393 336 2451 enim
351 2397 419 2466 apte
440 2392 552 2452 adnexa
573 2399 670 2452 essent
690 2394 748 2464 illa,
770 2392 819 2450 κοιλ
838 2391 956 2470 φεύγεις
975 2394 1123 2473 φιλότητα,
1145 2404 1175 2455 et
1194 2414 1269 2470 quae

141 2492 310 2559 sequnntur,
332 2502 406 2558 qnae
427 2487 541 2545 omnino
562 2502 613 2543 eur
633 2487 669 2544 ab
691 2488 779 2544 ermis
800 2489 905 2559 potius,
928 2505 1013 2558 quam
1035 2489 1071 2546 ab
1086 2491 1199 2562 origine
1213 2492 1269 2550 Mi-

141 2597 250 2639 nervae
271 2580 451 2652 deriventur,
476 2597 532 2638 non
553 2585 685 2652 apparet.
726 2579 805 2639 Nihil
829 2585 930 2652 posset
954 2581 1142 2653 reprehendi
1170 2585 1194 2641 si
1214 2602 1267 2657 pro

140 2674 235 2733 altero
262 2671 308 2730 οἷα
334 2673 412 2732 aliud
439 2673 523 2745 quid,
549 2690 574 2731 v.
589 2689 620 2731 o.
642 2668 733 2748 ἀμφί,
759 2673 914 2744 legeretur.
956 2674 1014 2733 Sed
1040 2690 1126 2745 quum
1152 2678 1267 2736 minime

140 2773 309 2840 suspectum
330 2769 368 2826 sit
389 2765 449 2840 οἶα,
475 2767 600 2840 positum
622 2773 718 2825 autem
739 2784 795 2826 nou
816 2769 908 2841 possit
933 2785 990 2828 non
1011 2769 1049 2827 ad
1069 2771 1201 2843 superius
1222 2769 1268 2828 οἷα

140 2860 255 2934 referri,
276 2863 318 2919 illi
339 2868 435 2921 autem
456 2862 533 2934 quod
554 2862 699 2920 adiectum
720 2868 764 2921 est
784 2860 819 2918 τέ
836 2878 893 2919 non
913 2862 987 2921 bene
1008 2865 1167 2938 conveniet,
1187 2871 1267 2924 recte

141 2956 214 3014 mihi
237 2956 338 3016 videor
357 2955 500 3028 indicare,
522 2957 616 3015 alieno
637 2957 700 3014 loco
720 2955 861 3014 intrusum
882 2972 947 3014 esse
966 2957 1042 3015 huuc
1061 2974 1183 3016 versum.
1224 2959 1267 3017 Eo

138 3049 208 3110 hinc
227 3050 337 3108 reiecto
359 3054 426 3107 ante
445 3050 568 3122 primum
590 3065 688 3108 eornm
708 3067 780 3122 quos
802 3051 923 3123 apposui
944 3052 1066 3124 [v.180]
1088 3051 1161 3110 bene
1181 3052 1268 3112 hebe-

138 3144 292 3216 hillones,
313 3144 356 3202 ita
375 3159 449 3201 nexa
470 3144 617 3201 oratione:

346 3286 393 3346 οἷα
412 3287 454 3360 δὲ,
473 3289 635 3367 χαλκείοισι
655 3286 839 3367 καλυψαμένη
856 3286 935 3366 χρόα
955 3286 1078 3360 πέπλοις,

346 3380 392 3440 οἷα
412 3379 447 3439 σὺ
468 3379 595 3446 κυδιάεις
614 3379 779 3452 ἀνεμώλιος,
796 3378 980 3458 'leporem

141 3519 339 3578 Hermannum
360 3523 475 3576 secutus
502 3525 546 3576 est
565 3518 671 3588 Lehrs3
702 3519 791 3587 male,
817 3523 848 3575 ut
872 3522 956 3589 patet
981 3532 1016 3574 ex
1037 3514 1204 3576 Schneideri
1231 3516 1268 3574 de

140 3631 184 3671 vv.
208 3620 304 3672 180-
317 3619 370 3671 189
392 3611 603 3684 disputatione,
628 3626 703 3683 quae
723 3627 750 3682 p.
771 3617 837 3668 438.
858 3616 913 3668 439
940 3611 1060 3681 legitur:
1094 3610 1268 3682 »Postquam

140 3703 280 3765 Iunonem
303 3707 399 3764 Venus
420 3705 536 3776 derisit,
562 3704 668 3762 transit
687 3703 724 3761 ad
752 3703 939 3761 deridendam
960 3703 1136 3776 Minervam,
1160 3704 1268 3776 inquo

140 3801 267 3859 transitu
287 3797 553 3873 patetdesiderari
577 3797 749 3870 particulam
769 3792 816 3867 δέ,
842 3802 874 3855 ut
893 3794 940 3852 οἷα
960 3795 994 3853 δὲ
1019 3797 1202 3855 scribendum
1230 3799 1269 3857 sit

141 3913 167 3955 v.
189 3896 252 3954 179.
281 3927 316 3936 -
345 3909 403 3966 qna
427 3899 522 3950 autem
548 3907 581 3949 re
607 3891 747 3964 glorietur
771 3896 850 3949 recte
880 3875 996 3963 quidem
1026 3892 1169 3950 intellexit
1195 3892 1268 3950 Her·

143 4004 280 4062 mannus,
305 3987 356 4047 sed
380 3992 460 4046 recte
480 3987 602 4045 inventis
623 3986 666 4044 uti
688 3986 788 4045 noluit.
819 3987 1010 4056 nequeenim
1035 3984 1161 4043 dubitari
1182 3999 1268 4057 posse
