3078 4654
624 329 836 393 ..85-

167 524 202 576 ut
223 515 372 574 adiectum
391 519 525 572 constans
544 514 668 574 Phthiae
689 513 846 589 epitheton,
864 513 1048 590 βωτιάνειρα,
1068 522 1219 576 monstrat.
1237 515 1289 591 βα-

165 607 295 685 τιάνειρα
309 606 401 665 ALN
407 606 521 678 QRSV
532 612 562 665 et
571 628 598 680 α,
614 608 662 680 qui
673 623 746 668 corr.
757 608 787 665 in
799 622 901 680 marg,
914 604 1080 686 βατιάνερα
1094 609 1116 668 O
1127 615 1195 668 ante
1205 626 1287 681 corn,

163 699 348 778 ,θοοτιοίνειρο
364 701 455 760 voluit
465 699 625 772 Perdrier.;
639 720 687 756 και
704 696 860 777 ευροόγοιο
874 702 915 760 Μ.
935 735 972 744 -
991 703 1036 761 De
1047 719 1099 762 vv.
1114 701 1288 763 222-280

164 799 289 872 primum
303 797 465 869 scripturae
478 795 678 854 diversitatem
690 811 856 884 proponam.
877 812 930 854 vv.
946 794 1113 857 221-225
1134 797 1202 857 olim
1223 804 1289 871 post

165 943 192 984 v.
208 923 463 996 2301egebantur3
477 921 656 994 transposuit
666 921 832 980 Schneider.
843 953 880 964 —
892 919 954 981 221
965 920 1047 1002 λιχὸς
1061 925 1098 996 Q3
1113 887 1233 1001 γαλόνης
1245 925 1287 996 Ν;

165 1084 201 1092 -
217 1049 284 1110 222
305 1050 399 1126 δηρῶν
413 1049 454 1122 Μ,
468 1012 563 1126 δηρόν
576 1048 648 1120 ΝΒ;
668 1067 869 1125 ερεσσομενων
881 1049 923 1122 Μ,
938 1045 1134 1128 ἐρεσσομένης
1146 1050 1180 1124 L,
1200 1051 1285 1123 unde,

164 1160 230 1203 cum
250 1149 311 1203 tres
331 1145 373 1202 illi
400 1143 527 1215 genetivi
548 1140 677 1218 γαλήνης,
697 1138 906 1218 ἐρεσσομένων,
926 1141 1057 1219 ἐρετμῶν
1073 1143 1211 1216 explicari
1229 1160 1286 1202 non

163 1255 251 1312 posse
274 1237 441 1306 crediderit,
460 1236 574 1309 recepit
588 1235 689 1306 Iulien‚
711 1236 760 1307 qui
779 1242 934 1308 praeterea
953 1233 1072 1314 γαλήνην
1091 1252 1145 1309 pro
1165 1233 1286 1314 γαλήνης

164 1332 296 1391 coniecit.
331 1331 427 1390 Etiam
448 1328 580 1390 Graefius
600 1347 629 1402 p.
645 1336 714 1388 251:
736 1334 806 1387 »aut
824 1330 992 1402 recipienda
1011 1330 1097 1388 lectio
1113 1329 1182 1388 (lod.
1196 1329 1284 1388 Laur.

165 1419 286 1501 γαλήνης
299 1421 385 1499 δηρὸν
398 1418 603 1498 έρεσσομένης,
623 1426 673 1480 aut
687 1421 763 1492 quod
777 1421 940 1481 concinnius
960 1423 1083 1496 videtur,
1103 1420 1284 1482 scribendum

163 1515 298 1594 γαληνὸς
318 1548 355 1558 -
376 1513 482 1580 δοῦπος
495 1510 625 1592 ἐρετμῶν
646 1513 683 1572 de
701 1515 902 1586 tranquilla
919 1516 949 1573 in
964 1514 1051 1575 fluvio
1071 1514 1282 1588 navigatione«

164 1611 291 1684 Vulgato
315 1606 517 1686 ἐρεσσομένων
536 1613 651 1666 retento
671 1608 745 1666 bene
769 1609 858 1666 vertit
875 1608 984 1667 Lehrs:
1014 1625 1130 1681 »neque
1151 1608 1284 1681 aequoris

163 1704 339 1776 dinavigatis
359 1702 534 1761 audiebatur
554 1702 664 1760 sonitus
687 1703 803 1759 remis«.
826 1734 859 1743 -
881 1697 1004 1778 ήκοόετα
1022 1701 1064 1775 Μ,
1084 1697 1224 1758 octodero
1244 1701 1284 1773 Q?

160 1793 287 1873 ἐριτμῶν
307 1797 348 1869 R,
369 1791 463 1872 ἐτμῶν
484 1796 535 1866 W3
556 1827 592 1837 -
615 1791 681 1852 224
702 1814 751 1850 και
767 1792 880 1872 χθόνος
898 1794 947 1866 Μς
971 1793 1149 1852 ενκόλποισιν
1168 1794 1215 1866 Μ,
1239 1789 1283 1850 εὐ-

162 1888 308 1948 κόλποισιν
326 1890 483 1968 ΑΙνΝΩῌ
503 1895 532 1948 et
551 1895 585 1948 ul
603 1889 660 1948 vid.
674 1890 707 1962 Ρ,
726 1886 889 1946 εὐκόλποισι
901 1888 933 1962 G,
953 1884 985 1946 ἐν
1005 1887 1149 1946 κόλποισιν
1169 1887 1233 1948 SW
1252 1893 1283 1948 et

160 2017 228 2078 edd.
252 2023 319 2077 ante
339 2017 481 2088 Bekker.;
501 2012 662 2094 έπιήονεσσι
682 2017 721 2088 Q,
741 2012 786 2073 ἐπὶ
805 2012 921 2092 ήόνεσσι
940 2015 981 2086 Α;
1000 1977 1108 2092 ήῖόνεόιΙ
1126 2015 1162 2088 03
1179 2013 1282 2091 βολον·

159 2129 213 2177 τες
225 2112 267 2184 Μ,
277 2108 436 2186 βαλλόντες
450 2111 483 2183 Q.
497 2143 533 2152 -
547 2110 667 2183 Lenncp
680 2126 761 2168 »cum
771 2110 818 2168 hio
828 2109 942 2168 demum
955 2109 1038 2167 Paris
1053 2109 1167 2167 dicatur
1179 2125 1280 2168 narem

161 2221 326 2277 egressus«,
346 2206 467 2264 miratus
488 2210 542 2276 est,
568 2204 636 2276 »qui
656 2202 717 2261 fieri
738 2203 834 2276 potuit
853 2208 886 2260 nt
905 2218 1003 2262 omnes
1022 2203 1087 2260 illas
1107 2202 1194 2262 urbes
1215 2219 1280 2262 con·

159 2299 319 2374 templatus
339 2296 428 2357 fuerit
448 2303 478 2356 et
497 2297 578 2356 iuxta
597 2297 662 2355 illus
687 2297 745 2355 iter
767 2294 895 2355 fecerit«
938 2297 1035 2370 Quare
1053 2297 1123 2355 licet
1142 2297 1280 2371 singulari

161 2389 290 2449 colluthi
310 2390 424 2448 inscitia
445 2389 582 2463 explicari
602 2390 674 2448 haec
693 2406 779 2462 posse
796 2394 877 2448 ratus
897 2389 944 2462 sit,
964 2395 1062 2448 tamen
1081 2394 1176 2450 motus
1196 2397 1280 2464 prae-

156 2483 261 2540 sertim
282 2479 331 2537 καλ
350 2482 495 2554 particula
514 2483 608 2541 locum
624 2483 717 2540 minus
731 2482 909 2542 commodum
923 2483 1071 2542 obtinente
1085 2500 1128 2541 vr.
1144 2491 1208 2542 224.
1223 2491 1278 2543 225

156 2580 227 2648 post
252 2592 277 2634 v.
298 2583 354 2634 212
374 2574 535 2634 reiciendus
555 2589 619 2632 esse
639 2573 761 2646 putavit,
785 2573 894 2632 addens
914 2578 1025 2632 tamen:
1053 2573 1163 2632 wideri
1181 2582 1280 2648 posset

157 2669 228 2726 huic
246 2669 429 2729 coniecturae
450 2669 566 2729 obstare
591 2667 667 2739 quod
693 2684 719 2724 v.
742 2674 797 2726 222
818 2672 848 2725 et
868 2673 924 2725 223
947 2668 1056 2739 legitur
1079 2661 1160 2724 οὔπω
1182 2665 1279 2724 κεῖθεν

154 2755 209 2838 ἔην
229 2759 348 2840 δολιχὸς
366 2760 463 2834 πλόος,
484 2759 552 2819 οὐδὲ
573 2758 693 2841 γαλήνης
706 2758 798 2839 Δηρὸν
810 2757 1012 2837 ἐρεσσομένων
1032 2757 1155 2838 ήκοόετο
1174 2759 1279 2826 δοῦπος

159 2853 301 2931 ἐρετμῶν,
321 2855 371 2914 ubi
394 2854 547 2914 manifesta
567 2855 661 2914 adhuc
680 2854 872 2927 navigationis
892 2854 1008 2913 mentio.
1039 2853 1146 2913 Verum
1165 2855 1215 2926 qui
1234 2871 1279 2914 se·

155 2949 281 3019 quentia
300 2949 492 3020 consuluerit,
511 2947 596 3008 facile
616 2950 737 3022 sentiet,
757 2949 830 3006 haec
849 2964 918 3017 non,
942 2948 998 3007 nisi
1018 2953 1050 3006 ut
1068 2949 1220 3007 transitum
1241 2949 1278 3008 ad

155 3041 212 3099 illa
236 3040 362 3115 faceret,
387 3033 538 3116 inservire,
563 3047 593 3102 ct
613 3043 655 3100 sic
675 3041 802 3115 eleganti
822 3041 1003 3115 oppositione
1023 3042 1116 3102 oratio
1137 3042 1279 3115 dirigetur

155 3132 196 3192 cd
214 3134 359 3208 Paridem,
374 3137 422 3207 qui
437 3137 493 3194 iam
508 3136 667 3211 cupiditate
678 3135 808 3194 Helenae
821 3133 964 3192 uidendae
980 3133 1102 3193 ardebat
1117 3139 1146 3192 et
1155 3135 1278 3192 maxima

153 3225 358 3300 festinatione,
383 3234 416 3286 ut
443 3229 604 3288 amantibus
624 3229 781 3301 proprium,
802 3227 840 3285 ad
866 3243 928 3286 cam
953 3228 1155 3303 properabat«
1197 3228 1277 3299 Quae

153 3319 252 3378 omnia
272 3317 480 3379 absurdissima
507 3339 571 3420 esse
596 3322 735 3381 iudicavit
755 3319 887 3380 Graefius
912 3339 941 3396 p.
963 3329 1032 3394 251,
1057 3329 1088 3381 et
1106 3321 1279 3396 improbavit

156 3446 245 3505 etiam
266 3446 425 3506 Schneider
449 3466 477 3522 p.
498 3456 564 3510 418.
584 3481 622 3492 -
643 3448 708 3509 225
733 3445 839 3507 ἔλυσαν
858 3449 904 3518 Μ,
926 3411 1034 3507 ἔδόσον
1055 3449 1106 3523 W3
1131 3447 1212 3515 όσοις
1229 3450 1278 3519 Μ;

155 3539 227 3606 ἁλὸς
236 3542 270 3599 Μ
285 3545 316 3598 et
329 3541 395 3599 edd.
409 3543 477 3601 inde
491 3543 664 3616 aBekhero,
679 3541 748 3608 ναὸς
761 3545 844 3603 codd.
858 3543 930 3602 dett
944 3549 975 3603 et
987 3543 1050 3602 rell.
1065 3543 1140 3617 edd,
1153 3560 1207 3617 pro
1221 3559 1277 3615 quo

156 3633 222 3701 νεὸς
241 3636 480 3695 commendabant
498 3637 627 3712 Lennep,
649 3643 687 3710 et,
711 3638 760 3709 qui
780 3639 867 3696 etiam
886 3639 918 3695 in
937 3634 1007 3702 ἁλὸς
1027 3636 1137 3710 incidit,
1156 3637 1276 3697 Dorvill.

153 3728 332 3808 -μεμήλει
351 3747 387 3789 ex
406 3730 439 3788 M
458 3732 556 3805 recepi
575 3735 734 3806 praecunte
755 3733 842 3790 etiam
862 3731 1021 3791 Tournerio
1041 3749 1069 3804 p.
1090 3738 1137 3805 30,
1158 3737 1187 3790 et
1210 3749 1278 3804 pro-

153 3820 242 3881 bante
262 3822 438 3884 Schneidero
457 3841 524 3883 rec.
545 3843 574 3898 p.
591 3831 654 3884 194.
672 3822 796 3902 μέμηλεν
816 3827 878 3884 τελλ.
893 3825 976 3885 codd.
991 3832 1021 3884 et
1038 3825 1103 3885 edd.
1117 3841 1224 3886 omnes.
1238 3857 1275 3868 --

155 3913 221 3975 226
236 3915 321 3975 evaeo
331 3917 378 3991 Μ;
392 3915 429 3995 ἂρ
444 3921 510 3990 (sio)
525 3915 696 3998 ἐρχομένοιο
710 3921 783 3980 coni.
795 3919 961 3991 Schneider,
976 3917 1181 3999 ἀνερχομένοιο
1192 3917 1274 3978 codd.

154 4017 183 4069 et
203 4012 269 4070 edd.
296 4028 408 4086 omnes,
433 4013 489 4071 nisi
515 4013 592 4086 quod
616 4032 820 4090 ανερχομεναια
840 4013 886 4085 Μς
910 4031 1103 4090 παρειομενας
1119 4013 1166 4084 Μ,
1186 4009 1275 4084 etspe-
