3092 4662
627 368 838 432 ..35-

173 553 332 612 llermanni
347 553 502 625 sententia,
516 554 564 625 qui
584 571 612 626 p.
629 560 664 614 10
679 555 823 626 vulgatam
839 555 1010 628 scripturam
1025 557 1181 616 correctori
1194 556 1293 616 deberi

173 647 246 704 vidit
280 646 349 704 »sed
375 647 413 716 is,
442 653 474 705 ut
501 647 668 720 oportebat,
696 645 896 724 ἐπεσσομένων
921 651 1078 723 scripserat
1105 647 1297 742 [non‘cre'do]

172 740 250 812 quod
271 741 364 798 estin
385 740 447 798 cod.
470 741 555 800 Goth.
582 742 739 813 [pessimae
757 743 863 816 natael.
902 743 960 802 Pro
986 760 1020 802 ea
1045 743 1116 803 voce
1141 742 1293 817 genuinam

169 833 343 904 scripturam
371 831 453 889 dedit
478 831 541 890 cod.
567 832 640 890 Mut.
662 829 710 888 ἀπ’
740 829 870 910 εὐόδμου.
911 835 956 894 Ea
980 836 1083 894 mirum
1109 841 1154 895 est
1177 833 1233 896 nec
1250 838 1295 897 Iu-

171 927 293 996 lianum,
318 925 366 995 qui
386 925 563 982 Nicandrum
583 925 669 984 Ther.
686 934 720 985 11
749 924 904 1004 [Ἀσκροῖος
920 926 1063 1006 μυχότοιο
1084 927 1296 1008 Μελισσήεντος

171 1015 215 1076 ἐπ’
240 1015 347 1096 ὄχθαις
362 1017 492 1086 Ἣσιοδος
512 1018 652 1088 κατέλεξε
673 1017 741 1097 παρ’
766 1018 852 1080 ὕδασι
865 1019 1058 1099 Περμησσοῖο]
1080 1024 1198 1096 eiusque
1216 1025 1297 1084 scho-

170 1115 277 1170 liasten
297 1113 429 1170 attulerit
450 1113 491 1188 [p.
508 1121 523 1170 5
547 1113 591 1172 ed.
606 1115 688 1172 Keil:
715 1112 909 1192 Μελισσηεντα
924 1115 965 1186 Ὶδέ
982 1137 1052 1194 φησι
1071 1117 1120 1174 τὸν
1139 1117 1225 1176 τόπον
1246 1117 1296 1175 τοῦ

165 1207 328 1278 Ἑλικῶνος,
349 1201 380 1261 ἐν
401 1199 427 1282 ᾦ
448 1202 516 1283 εὗρε
535 1206 590 1271 τὰς
611 1205 739 1276 Μούσας,
761 1206 794 1273 ὃς
815 1205 909 1274 οὕτως
929 1207 1038 1287 ἐκλήθη
1058 1207 1113 1266 ἀπὸ
1127 1193 1297 1276 Μελισσέυνς

168 1297 396 1376 βασιλεύσαντος
416 1300 467 1356 τοῦ
488 1299 586 1374 τόπου]
613 1319 667 1359 uec
688 1320 835 1362 censorem
859 1306 920 1362 eius
941 1299 1226 1378 Heidelbergensem
1247 1319 1296 1378 qui

173 1395 385 1454 adnotationem
406 1395 510 1452 Iuliani
538 1398 715 1466 tractaverit,
737 1399 779 1455 uti
800 1399 927 1456 scivisse.
966 1399 1062 1457 Aliter
1080 1399 1220 1458 vidissent
1239 1396 1296 1455 Με-

173 1485 338 1565 λισσήεντος
358 1487 413 1546 loci
434 1489 462 1544 in
483 1489 622 1572 Helicone
642 1507 745 1548 nomen
765 1508 829 1550 esso
849 1495 1025 1565 proprium«.
1066 1494 1205 1553 Probavit
1223 1494 1297 1552 haec

173 1585 259 1642 etiam
272 1580 429 1640 Schneider
441 1599 470 1654 p.
483 1589 547 1639 422.
564 1613 597 1624 -
615 1579 753 1648 ἐλικῶνος
765 1585 965 1657 MOQQGL,
980 1585 1031 1660 λιχ.
1045 1603 1082 1644 ex
1096 1585 1154 1661 λοχ.
1169 1587 1205 1658 03
1218 1585 1296 1662 όχονν

172 1678 206 1734 Μ
227 1684 252 1735 1.
281 1673 359 1752 ἄχων
378 1676 412 1732 Μ
432 1683 461 1747 2;
494 1696 585 1754 χορον
605 1678 638 1734 Μ
660 1685 694 1748 1.,
721 1676 811 1756 χορὸν
836 1680 868 1737 Μ
889 1686 921 1751 2;
954 1675 1106 1757 ἦλθεν-οι
1134 1679 1221 1756 ἦλθεν
1245 1681 1296 1754 M,

173 1767 245 1848 ἦλθε
266 1767 296 1827 O.
329 1802 362 1810 -
394 1785 446 1828 vv.
468 1767 604 1827 25-26
637 1771 706 1827 olim
737 1776 804 1844 post
829 1790 855 1830 v.
874 1780 911 1832 38
941 1773 1120 1846 legebantur.
1161 1772 1202 1832 25
1226 1771 1297 1852 χρυ-

174 1881 265 1926 σειοις
279 1861 312 1918 Μ
330 1869 354 1919 1.
375 1860 522 1938 χρυσείοις
537 1863 570 1920 Μ
581 1871 622 1934 2.;
643 1861 672 1918 δ’
692 1859 838 1940 ἑκάτερθε
848 1865 860 1930 ΙΙ
871 1865 919 1937 Μ;
939 1863 1160 1941 τΙΙινασσόμενος
1175 1867 1212 1938 Q;
1232 1866 1298 1922 πλο-

174 1954 276 2042 κάμοις
298 1955 344 2025 Μ;
373 1989 405 1996 -
434 1953 477 2030 26
499 1951 588 2029 κέρσε
609 1953 699 2033 κόμης
724 1953 847 2034 ζεφύρω-
861 1957 909 2029 Μ;
935 1957 1113 2033 στιφελίζετο
1137 1959 1209 2031 AQ3
1233 1963 1297 2038 χαί-

173 2069 228 2133 τας
245 2049 293 2120 Μ;
320 2049 425 2127 χαίτης
448 2051 511 2109 rell.
532 2050 615 2118 codd.
635 2056 665 2108 et
691 2051 755 2109 edd.
775 2058 841 2124 post
861 2051 997 2120 Bekker,
1019 2049 1121 2128 χαίτην
1143 2052 1207 2111 edd.
1228 2058 1301 2133 ante

173 2141 300 2200 Beklrer.
342 2143 411 2202 Cum
433 2142 579 2201 Bacchum
605 2161 657 2217 per
677 2161 774 2203 vocem
803 2143 924 2219 βότρυςΙ
942 2144 1096 2217 significari
1121 2145 1297 2205 crediderint

173 2237 298 2308 pleriqui
323 2237 415 2295 critici
441 2244 508 2295 ante
535 2237 694 2310 Graefium,
725 2239 844 2312 Lennep
875 2241 905 2297 in
930 2240 1006 2298 notis
1038 2245 1067 2297 et
1093 2239 1122 2296 in
1147 2238 1296 2298 Animadv.

174 2350 202 2404 p.
223 2338 277 2389 116
305 2330 455 2409 χρυσείοις
481 2327 508 2387 δ’
537 2328 677 2407 ἑκάτερθ’
711 2329 942 2408 ἐπινεισσόμενος
972 2331 1143 2409 πλοκάμοισι
1168 2333 1298 2404 coniecit,

175 2423 308 2495 quoniam
336 2441 416 2482 ocum
440 2430 540 2482 noster
564 2424 611 2482 hic
637 2427 740 2498 procul
767 2426 853 2485 dubio
878 2427 1015 2499 volucrit,
1040 2427 1185 2485 Bacchum
1212 2427 1298 2494 etiarn

174 2519 255 2590 iuxta
275 2535 338 2578 cunr
359 2519 425 2576 aliis
451 2518 506 2576 diis
532 2517 569 2576 ad
590 2519 671 2576 Pelei
698 2525 728 2577 et
749 2519 880 2578 Thetidis
905 2521 1021 2593 nuptias
1045 2519 1204 2593 profectum
1226 2535 1299 2590 esse,

175 2612 339 2670 necessario
376 2611 494 2669 verbum
524 2611 641 2682 aliquod
670 2617 778 2670 motum
807 2611 969 2683 significans
1001 2612 1211 2670 desideratur.
1234 2652 1241 2667 .
1263 2653 1299 2670 ..

175 2705 316 2762 Praetera
334 2701 453 2779 βότρυς,
478 2706 533 2776 vel,
554 2710 586 2762 ut
605 2711 685 2763 recte
707 2706 773 2762 clar.
805 2704 951 2764 D’Orville
973 2706 1115 2778 emendat,
1134 2702 1252 2780 βότρυν,
1273 2705 1297 2761 si

175 2799 231 2856 iam
253 2814 317 2855 cum
336 2799 437 2874 χαίτην
458 2799 570 2870 iungas,
591 2796 678 2856 facile
700 2799 791 2869 liquet
805 2799 877 2857 illud
895 2799 997 2878 χαίτην
1017 2801 1047 2858 in
1065 2800 1169 2878 χαίτης
1189 2801 1299 2854 mutan·

176 2891 252 2963 dum,
265 2889 503 2962 quemadmodum
516 2891 545 2946 in
559 2897 683 2962 quatuor
697 2893 842 2949 minimum
855 2893 1008 2952 codicibus
1024 2899 1201 2952 exaratum«.
1220 2891 1301 2949 Idem

174 2985 294 3057 Lennep
314 2989 393 3042 reete
419 2983 562 3041 intellexit
587 2985 639 3043 hos
666 3001 766 3042 versus
788 2985 904 3043 aliunde
929 2987 958 3043 in
986 2987 1079 3044 locum
1105 3001 1190 3058 quern
1214 3001 1298 3043 occu·

176 3077 294 3151 pabant,
315 3077 412 3134 illatos
434 3091 511 3134 esse:
534 3076 694 3148 »Loquitur
711 3077 894 3152 [Colluthus]
911 3079 947 3137 de
964 3079 1065 3153 Eride,
1082 3095 1166 3151 quam
1183 3094 1200 3135 a
1214 3078 1302 3136 Peleo

177 3176 351 3229 contemtum
371 3169 457 3226 canit.
496 3170 601 3227 Nullae
622 3171 720 3240 itaque
746 3170 793 3227 hic
813 3170 927 3230 Baccho
953 3177 1062 3244 partes.
1101 3171 1143 3230 Ut
1163 3171 1238 3228 male
1258 3169 1301 3227 di-

176 3265 267 3334 rulsa,
281 3279 421 3335 quaeque
441 3265 653 3323 coniunctima
673 3264 795 3322 Colutho
819 3266 928 3338 scripta
947 3264 1075 3337 fuerant,
1101 3265 1131 3320 in
1150 3263 1302 3337 pristinum

177 3358 306 3416 ordinem
326 3358 513 3429 redigantur,
537 3357 598 3417 bini
625 3356 712 3414 hide
739 3358 854 3415 Baccho
884 3358 1017 3415 versiculi
1042 3356 1079 3414 ad
1099 3354 1305 3428 praecedentia

178 3451 304 3523 migrare
334 3451 453 3524 debent,
485 3450 534 3508 ubi
563 3451 623 3509 sive
653 3455 719 3523 post
748 3467 862 3508 versum
884 3453 919 3508 27
946 3451 1006 3508 siva
1031 3453 1099 3522 post
1123 3464 1236 3506 versum
1257 3455 1304 3507 31.

179 3559 230 3601 seu
255 3561 281 3599 v.
298 3551 334 3602 33
368 3545 545 3602 collocantur
569 3559 670 3617 parum
694 3542 793 3601 refert.
833 3544 949 3602 Interea
974 3560 1024 3601 cur
1048 3560 1066 3602 a
1091 3543 1192 3600 summi
1217 3541 1306 3602 D'Or·

178 3637 252 3692 villii
279 3637 373 3706 (cuius
400 3652 541 3694 consensu
566 3635 635 3692 mihi
661 3637 803 3707 gratulor)
834 3641 900 3709 post
925 3653 1036 3694 versum
1059 3644 1105 3695 33.
1135 3636 1302 3696 collocantis

182 3731 327 3789 sententia
348 3730 529 3788 discedamus
550 3745 638 3787 eausa
657 3729 738 3786 nulla
758 3735 811 3787 est.
847 3729 944 3788 Verba
963 3731 1017 3787 viri
1038 3731 1107 3788 clar.
1127 3734 1210 3788 sunt:
1226 3772 1233 3786 .
1248 3777 1256 3790 .
1272 3771 1304 3785 ..

177 3825 213 3882 hi
233 3824 303 3883 duo
324 3841 448 3882 versus
469 3823 664 3882 deBaccho
685 3823 863 3881 collocari
883 3823 956 3881 alio
977 3824 1054 3882 loco
1075 3828 1111 3881 et
1130 3822 1307 3882 commode

179 3925 261 3991 post
286 3935 428 3976 versum
450 3926 486 3976 33
518 3917 679 3975 debent«.
718 3916 825 3974 Melius
852 3916 976 3989 Iuliano,
1003 3918 1052 3988 qui
1076 3916 1128 3976 hos
1154 3932 1253 3974 versus
1277 3917 1307 3972 in

179 4012 305 4084 pristina
326 4011 395 4069 sede
416 4028 434 4069 a
453 4011 636 4076 serelictos:
665 4011 794 4068 »Aureos
814 4025 882 4068 vero
904 4011 1037 4082 utrinque
1058 4011 1184 4083 agitatus
1206 4025 1306 4068 secun·

183 4105 250 4162 dum
270 4105 415 4164 cincinnos
436 4105 580 4163 Racemus
606 4119 704 4162 comae
725 4105 855 4162 intonsae
876 4105 907 4176 (i.
928 4121 953 4162 e.
974 4122 1055 4165 coma
1074 4106 1199 4174 intonsa)
1222 4109 1306 4160 vento

632 4192 633 4195 ,
1073 4197 1105 4248 3*
