3092 4662
713 264 923 326 ..66ῌ

188 517 195 532 ⁸
256 450 412 510 conciliare
437 447 581 506 studebat.
622 449 686 521 quis
711 449 786 507 euim
811 449 858 506 cui
884 448 999 519 quidem
1032 449 1136 520 aliquis
1169 451 1199 507 iu
1224 450 1271 507 his
1299 449 1389 508 rebus

257 559 359 603 seusus
382 548 435 613 est,
456 557 512 600 nou
535 547 715 613 exspectata
733 546 821 613 poeta
841 540 980 612 additum,
1001 541 1108 613 Parim,
1129 542 1179 613 qui
1199 548 1243 602 tot
1263 543 1388 601 vidisset

258 643 435 709 venustates,
457 637 620 694 haesitasse
640 634 691 693 diu
711 637 851 693 incertum
872 635 917 692 cui
937 635 1046 707 primas
1070 634 1216 695 deferret?
1247 637 1324 707 quod
1344 635 1387 694 la-

258 733 308 804 cit,
328 736 361 789 ut
380 732 484 790 lacuna
506 730 589 788 simul
610 729 799 802 depravatum
820 729 914 787 locum
934 734 1033 799 putem
1054 743 1139 799 quem
1160 730 1202 788 ita
1216 736 1249 788 ut
1262 731 1387 804 posthac

261 823 389 884 scribant
409 824 535 883 editores
557 825 710 882 suaserim:

767 955 874 1032 κόσμον
916 999 1208 1014 .......

411 1051 520 1128 χειρῶν
542 1048 706 1126 [μειδιόων]
771 1091 1209 1106 ..........

413 1234 475 1310 [καὶ
495 1234 574 1310 τότε]
593 1234 764 1311 μειδιόωντα
786 1234 867 1313 δίκης
886 1234 1079 1312 προπάροιθεν
1104 1233 1211 1294 ἑλοῦσα

413 1332 488 1388 τοῖον
508 1324 678 1408 Ἀλεξάνδρῳ
695 1327 848 1406 μυθήσατο
866 1329 959 1406 μῦθον
975 1326 1102 1408 Ἀθήνης,

260 1458 343 1517 Haec
368 1459 526 1517 Schneider
551 1458 750 1530 sagacissime,
778 1457 829 1515 sed
854 1474 909 1516 non
935 1458 1049 1517 omniuo
1074 1475 1150 1516 vere.
1196 1459 1385 1533 Transposito

261 1551 336 1608 enim
357 1568 442 1609 versu
459 1558 513 1610 136
534 1557 601 1625 post
621 1569 646 1608 v.
663 1557 716 1609 133
738 1567 795 1609 non
815 1567 859 1621 ea,
881 1566 965 1621 quam
980 1550 1138 1609 Schneider
1152 1553 1297 1611 nonnullis
1313 1570 1386 1625 quae

258 1644 289 1700 in
309 1659 415 1714 graeco
436 1650 518 1701 textu
537 1661 573 1701 ne
593 1645 729 1714 leguntur
749 1641 865 1714 quidem
885 1644 1031 1702 vertendis
1051 1661 1139 1716 supra
1160 1647 1313 1718 expressit,
1335 1647 1387 1705 sed

258 1736 334 1793 haec
359 1736 461 1809 inepta
491 1735 589 1794 evadit
617 1736 774 1794 sententia:
814 1735 915 1792 »Paris
942 1735 1060 1794 dearum
1086 1737 1332 1808 pulchritudinem
1358 1746 1388 1798 et

260 1828 349 1887 calcis
366 1836 395 1887 et
408 1829 571 1902 plantarum
586 1829 710 1900 vestigia
724 1827 882 1886 diiudicare
904 1829 961 1898 (vel
981 1830 1143 1901 explorare)
1165 1832 1316 1902 runaut«,
1338 1832 1388 1891 ubi

260 1923 325 1995 quis
337 1939 394 1982 non
405 1923 532 1982 offendat
545 1923 575 1980 in
585 1923 731 1982 vocabulis
747 1920 863 1991 κάλλος,
877 1919 980 1998 πτέμνη
995 1927 1025 1980 et
1038 1921 1144 1998 ταρσοί
1153 1923 1198 1981 sic·
1208 1924 1389 1984 coniunctisl.l

259 2017 334 2075 Mihi
354 2033 454 2075 versus
471 2023 540 2088 136,
567 2032 651 2087 quem
672 2016 739 2074 olim
759 2015 855 2088 potius
875 2020 942 2086 post
962 2033 987 2072 ν.
1004 2016 1039 2073 75
1060 2017 1224 2088 ponendum
1245 2033 1388 2076 essefnou

264 2111 327 2169 sine
348 2125 437 2168 causa
450 2109 614 2180 suspicatus
629 2123 699 2175 sum,
719 2123 864 2179 nuncque
880 2108 943 2166 loco
957 2107 986 2163 in
1001 2107 1174 2167 editionibus
1187 2109 1294 2182 legitur
1307 2115 1389 2166 recte

260 2220 293 2261 se
319 2203 429 2260 hahere
454 2201 577 2261 videtur.
616 2200 739 2273 Aspexit
764 2195 839 2260 enini
859 2200 942 2259 Paris
967 2201 1091 2273 primum
1117 2216 1181 2259 eam
1206 2203 1389 2260 uniuscuius-

261 2311 317 2367 que
338 2295 413 2352 deae
438 2297 633 2362 venustatem,
662 2309 737 2365 quae
762 2309 833 2365 prae
859 2293 964 2351 ceteris
990 2295 1131 2352 excellens
1158 2310 1246 2366 super
1271 2295 1389 2353 modum

262 2388 325 2446 eius
340 2386 430 2444 oculis
445 2401 510 2444 sese
523 2384 677 2457 obtulerat,
698 2391 766 2459 post
779 2391 875 2443 autem
889 2386 927 2443 ad
941 2392 1072 2444 caeteras
1087 2387 1206 2445 dearum
1220 2387 1390 2448 venustates

261 2480 379 2538 transiit
398 2480 472 2538 adeo
492 2481 637 2552 religiose,
659 2486 691 2539 ut
704 2480 749 2538 vel
768 2481 931 2552 plantarum
952 2481 1076 2553 vestigia
1095 2482 1238 2555 inspicere
1257 2498 1315 2540 uon
1337 2497 1389 2540 ne·

265 2575 397 2648 glexerit.
432 2575 529 2647 Quare
554 2580 670 2633 servata
690 2575 815 2632 omnium
836 2573 966 2633 codicum
987 2574 1110 2633 lectione
1131 2572 1240 2649 κόσμον
1260 2571 1391 2652 ἑκάστης

262 2674 330 2742 post
346 2671 452 2747 χρυσῷ
462 2659 611 2745 δαιδαλέην
625 2669 724 2741 plures
738 2683 838 2724 versus
857 2666 1039 2724 intercidisse
1053 2667 1220 2740 significavi,
1239 2669 1269 2725 in
1283 2666 1389 2738 quibus

262 2769 293 2821 et
314 2763 351 2820 de
373 2762 489 2821 Iunonis
510 2761 635 2820 brachiis
656 2761 763 2818 mentio
783 2761 890 2817 iniecta
911 2758 999 2818 fuerit
1020 2766 1050 2818 et
1068 2760 1099 2818 id
1120 2761 1196 2832 quod
1216 2767 1322 2832 poetae
1345 2761 1391 2817 di·

261 2855 385 2914 cendum
410 2853 501 2912 fuisse
525 2853 609 2912 modo
635 2851 773 2924 indicavi,
798 2852 929 2925 pluribus
954 2859 1139 2926 persecutum
1165 2855 1210 2912 sit.
1254 2853 1329 2911 Olim
1358 2854 1390 2910 in

262 2946 432 3006 Schneideri
453 2947 598 3003 sententia
619 2946 804 3016 acquiescens
824 2946 940 3004 Iunonis
961 2944 1069 3021 κόσμον
1090 2945 1222 3021 ἀγοστῶν
1249 2948 1291 3016 (in
1311 2946 1389 3017 quod

261 3039 434 3098 Mauritium
449 3037 577 3096 Schmidt
597 3053 710 3109 quoque
729 3038 864 3096 incidisse
879 3054 954 3096 nunc
967 3038 1051 3097 video
1065 3039 1094 3096 iu
1107 3039 1183 3096 Mus.
1198 3039 1290 3097 Rhen.
1304 3039 1390 3096 XXV

263 3152 292 3207 p.
313 3136 390 3202 182.)
416 3147 434 3190 a
458 3137 546 3204 poeta
578 3131 726 3190 laudatum
757 3129 846 3189 fuisse
871 3131 919 3188 vix
947 3136 1027 3189 recte
1058 3132 1220 3204 suspicatus
1252 3148 1323 3189 sum.
1349 3163 1389 3173 —

261 3227 423 3286 Praeterea
442 3242 542 3284 versus
563 3226 638 3283 sicut
657 3240 676 3282 a
696 3224 871 3284 Schneidero
893 3226 1032 3298 descripti
1059 3232 1139 3298 sunt,
1166 3227 1213 3283 vel
1238 3224 1304 3284 ideo
1324 3226 1389 3296 pla·

261 3337 331 3397 cere
350 3336 407 3380 non
427 3325 556 3394 possunt,
577 3318 654 3390 quod
674 3319 703 3374 iu
723 3317 758 3374 iis
773 3316 885 3393 κόσμος
896 3319 1032 3395 χειρῶν
1046 3319 1082 3378 de
1095 3319 1213 3378 Iunonis
1226 3319 1388 3378 brachiis

264 3411 457 3486 (λευκώλενος
469 3409 550 3489 Ἥρη)
571 3412 697 3485 positum
718 3415 776 3483 est,
802 3417 832 3468 et
851 3411 959 3489 χειρῶν
979 3408 1096 3485 ἑλοῦσα,
1117 3419 1150 3470 ut
1170 3417 1257 3471 antea
1278 3412 1388 3470 editum

263 3512 337 3578 erat,
359 3508 455 3578 aptius
476 3507 512 3564 de
532 3505 665 3563 Minerva
685 3505 793 3562 dictum
820 3512 879 3577 est,
905 3521 990 3576 quam
1016 3506 1138 3578 simplex
1162 3501 1285 3578 ἑλοῦσα,
1312 3505 1390 3576 quod

265 3601 314 3658 vix
327 3599 412 3657 aliter
426 3615 461 3657 ac
473 3615 527 3672 per
548 3598 710 3671 amplexa
731 3604 786 3657 est
805 3599 990 3670 interpretari
1004 3615 1165 3671 possumus.
1182 3600 1337 3658 -Restat
1356 3605 1390 3658 ut

264 3693 419 3753 Tournerii
440 3697 630 3750 commentum
651 3695 691 3763 (p.
707 3693 756 3758 24)
776 3707 1003 3763 commemorem,
1024 3693 1073 3762 qui
1088 3691 1219 3767 γλαυκῶν
1231 3691 1389 3770 βλεφάρων

263 3783 355 3850 σέλας
379 3783 417 3842 ad
436 3785 599 3842 Minervam
622 3783 805 3842 referendum
831 3800 895 3842 esse
921 3785 1095 3856 concedens,
1121 3786 1234 3844 omuino
1261 3787 1337 3843 male
1358 3783 1390 3842 δ’

257 3873 344 3954 “Iloua
363 3894 416 3951 pro
437 3874 533 3954 δειρήν
552 3879 705 3951 proposuit
724 3882 754 3935 et
774 3875 945 3954 ἐφράσσατο
972 3876 1081 3954 κόσμον
1106 3875 1223 3956 ἐθείμης
1243 3879 1280 3937 ab
1301 3879 1391 3936 inter·

263 3971 400 4046 polatore
419 3970 549 4029 additum
570 3987 634 4030 esse
654 3972 769 4045 putavit
788 3970 933 4043 deperditi
950 3971 1133 4046 hemistichii,
1154 3973 1203 4043 qui
1224 3971 1391 4031 devenere
