3092 4662
497 262 814 366 ¹—or-

136 483 289 542 Excitavit
317 483 498 556 potissimum
529 483 604 542 hunc
634 485 663 542 in
693 487 790 546 nnimo
814 503 879 546 meo
905 489 1096 562 suspicionem
1121 495 1267 552 sundere

140 577 230 648 peulo
249 577 352 650 rarior,
372 591 430 648 quc
443 577 499 634 trio
513 577 662 635 minimum
675 579 790 637 nomine
804 579 946 657 κοιρανίη,
966 575 1055 660 ἔγχος
1075 588 1105 641 et
1122 582 1210 658 βέλος
1229 584 1266 644 sb

138 671 226 728 unico
247 663 355 740 ἕλκειν,
376 667 452 738 qnod
473 669 520 725 vix
540 669 593 726 ulli
614 669 723 729 horum
737 676 817 729 reote
838 674 995 745 conveniat,
1017 675 1153 746 pendent.
1195 677 1266 741 Cum

137 767 239 820 tamen
253 761 393 818 eiusmodi
407 765 574 820 structurae
588 767 649 819 tum
664 763 750 821 etiem
765 764 842 837 apud
857 765 929 823 elios
943 772 1087 838 auctores,
1107 773 1167 828 tum
1189 771 1266 843 apud

138 855 236 926 ipsum
260 858 390 912 nostrum
415 858 530 926 po'e'tum
551 855 745 927 inveniuntur,
766 861 798 914 ut
818 873 843 915 v.
858 865 895 916 34
915 855 976 923 οἶος
1000 854 1074 916 δὀὐ
1093 857 1208 939 κυνέην,
1233 857 1266 920 οὐ

138 943 220 1022 δηιον
241 941 329 1023 ἔγχος
342 942 457 1021 ἀείρων,
479 946 503 1003 si
520 947 566 1003 cni
579 962 663 1004 secus
677 947 818 1021 videatur,
838 949 914 1007 hanc
927 951 1119 1010 coniecturum
1133 955 1163 1011 in
1182 970 1266 1028 spon·

140 1040 219 1110 giam
245 1037 325 1094 abire
345 1035 431 1095 focile
451 1037 559 1110 patiar,
578 1054 633 1096 nec
652 1038 758 1097 invitus
779 1039 826 1098 ibo
847 1040 876 1100 in
900 1043 1071 1102 sententiam
1092 1045 1145 1103 viri
1165 1049 1266 1108 summi

137 1133 168 1190 J.
183 1131 236 1190 Ph.
250 1129 404 1201 D’Orville‚
426 1131 475 1202 qui
493 1147 581 1204 super
594 1132 648 1190 hoc
666 1133 731 1191 loeo
744 1133 820 1191 heco
840 1134 988 1194 interulis
1002 1136 1038 1194 ed
1052 1155 1107 1196 me.
1138 1140 1264 1214 Versu,

138 1224 243 1308 inquit,
264 1230 298 1280 91
312 1239 381 1281 non
395 1224 506 1281 susim
519 1229 656 1282 mutare
670 1220 799 1304 ἔγχος;
817 1225 926 1302 βέλος
947 1225 1137 1303 ἕλκειν,,α1
1150 1230 1264 1308 ξίφος,

137 1322 241 1375 recte
262 1314 334 1373 dici
354 1315 506 1372 videtur.
547 1316 660 1376 Porro
679 1326 797 1377 notum
821 1325 888 1398 est,
909 1322 1075 1395 pluribus
1095 1325 1264 1384 substen-

138 1408 1265 1486 tivissubiiciverbnmnonstriete‚sedvieinoquodomsensn

137 1504 224 1562 istis
250 1500 605 1560 accommodandum«
646 1503 690 1562 De
711 1521 753 1562 vv.
777 1512 821 1563 92.
843 1513 879 1565 93
904 1508 978 1566 haeo
998 1508 1145 1568 Hermann
1170 1528 1197 1584 p.
1214 1519 1263 1571 13:

142 1614 217 1657 »non
239 1599 305 1653 sunt
323 1594 376 1650 ilia
396 1594 512 1664 quidem
533 1596 574 1652 sio
594 1596 674 1654 dicta
699 1607 731 1654 ut
756 1597 840 1656 vaide
865 1599 1039 1672 reprehendi
1063 1603 1187 1674 possint:
1212 1605 1264 1663 sed

137 1698 237 1749 tamen
256 1689 341 1746 huius
358 1692 455 1746 sectae
469 1694 556 1760 poete
572 1691 722 1750 maluisset
742 1687 795 1748 οὐκ
814 1687 903 1770 ἔγχος
913 1689 1019 1769 Ἀρήιον
1033 1695 1168 1756 scribere.
1198 1697 1263 1760 Duo

136 1785 223 1844 codd.
244 1779 302 1840 otu
324 1776 416 1858 εὖχος
439 1782 598 1855 praebent,
625 1783 701 1842 unde
729 1786 793 1855 quis
818 1802 874 1846 non
898 1784 983 1846 iaeiie
1009 1788 1064 1848 sibi
1089 1790 1265 1862 persuadent

140 1878 324 1937 scribendum
346 1891 422 1934 esse:
868 1874 902 1934 οὐ
919 1877 1066 1956 βααιληων

330 1967 476 2047 κοιρανίην
497 1966 556 2026 οὐδ’
580 1965 678 2048 εὖχος,
695 1965 799 2046 Ἀρήϊον
819 1967 852 2026 οὐ
870 1969 959 2045 βέλος
979 1967 1066 2028 ἕλκοι.

139 2106 215 2164 Nem
230 2105 267 2164 ad
280 2099 370 2183 ἔγχος
393 2106 418 2162 si
432 2105 569 2164 adiicitur
586 2104 683 2180 βέλος,
703 2106 777 2164 nihil
795 2105 826 2163 id
847 2111 892 2164 est
911 2105 967 2164 nisi
987 2106 1064 2177 quod
1083 2107 1142 2166 inm
1156 2108 1263 2168 dictum

143 2203 222 2258 erat:
237 2215 337 2270 regum
352 2215 421 2259 nero
435 2199 491 2258 dno
505 2201 663 2272 praecipua
677 2205 752 2271 sunt,
766 2200 917 2272 imperinm
931 2204 962 2258 et
975 2199 1129 2272 dignitus«
1158 2200 1264 2262 Gontrs

141 2292 299 2352 Schneider
319 2310 347 2364 p.
363 2299 435 2363 4353
464 2293 537 2364 »Qui
558 2287 637 2348 ἕλκω
659 2294 746 2350 etiem
773 2292 811 2351 ad
837 2292 979 2370 κοιρανίην
1005 2293 1082 2352 trahi
1107 2310 1192 2367 posse
1211 2313 1264 2369 pu·

140 2390 220 2460 tunt,
250 2401 352 2444 vereor
377 2401 414 2442 ne
440 2387 599 2458 zeugmatis
624 2383 734 2458 figurae
759 2383 830 2444 fines
855 2387 944 2446 mnlto
967 2386 1056 2444 letius
1081 2393 1184 2460 petere
1209 2389 1263 2448 sibi

142 2480 340 2551 persuadeant
367 2496 452 2551 quam
478 2479 557 2538 credi
581 2495 636 2552 par
663 2484 716 2538 est.
748 2478 881 2551 equidem
909 2479 1071 2551 putaverim
1100 2479 1262 2545 conatuum

140 2573 292 2644 scripsisse
318 2568 352 2628 οὐ
369 2568 516 2647 βασιλεία
536 2565 687 2649 κοῳαοιην.
707 2588 774 2629 nem
793 2570 903 2643 figures
924 2572 1148 2646 cunctorum,
1175 2591 1262 2648 ηαοαι

139 2664 304 2724 Lobeokins
322 2665 405 2738 dicit,
427 2666 522 2723 lecum
541 2665 588 2723 hie
608 2681 673 2724 esse
690 2666 734 2724 ita
753 2671 788 2724 nt
800 2664 975 2726 adiectiuum
994 2664 1088 2726 omitti
1106 2669 1206 2741 possit,
1226 2687 1261 2736 eo

139 2764 224 2832 petet
245 2758 323 2830 quod
346 2755 507 2833 βασιλεύειν
527 2757 644 2831 quidem
668 2757 726 2818 diei
749 2762 848 2831 potest
866 2757 964 2818 Venus
984 2761 1030 2828 (nt
1045 2755 1178 2833 βασίλεια
1194 2778 1262 2824 cunr

134 2851 211 2910 stibi
231 2851 330 2924 uadit,
358 2859 419 2910 tum
439 2852 519 2926 npnd
538 2853 632 2925 ipsun
649 2851 814 2912 Cononem
832 2867 860 2912 v.
872 2855 923 2924 Μ)
939 2851 996 2912 sed
1012 2867 1071 2915 non
1088 2858 1187 2930 potent
1201 2857 1262 2920 diei

136 2946 248 3004 habuc
267 2945 419 3021 κοιρανην,
443 2951 477 3003 nt
495 2946 592 3017 potnit
609 2945 686 3004 Jnno
706 2963 731 3004 v.
746 2953 793 3005 89.
812 2947 946 3007 ninum
964 2946 1082 3008 uerbum
1098 2945 1262 3024 βασιλήιοι

138 3039 229 3112 paule
249 3039 382 3098 lotorun
401 3039 493 3098 hebet
511 3038 651 3098 subitum
671 3055 757 3110 quum
777 3039 920 3117 κοιρωίνν
941 3046 978 3102 :ut
995 3040 1142 3104 suerum
1156 3044 1261 3110 nfflo

131 3150 196 3194 non
215 3149 288 3206 opos
310 3133 358 3190 sit
398 3129 457 3192 Gir.
477 3131 607 3191 Lobecln
627 3133 753 3206 Persiip.
780 3141 888 3206 poue
924 3133 986 3196 Sed
1010 3128 1101 3213 ἔγχος
1124 3153 1181 3200 noa
1199 3157 1260 3202 mu.

137 3227 262 3286 unum
287 3242 352 3284 cun
369 3226 545 3298 Hermanno,
567 3227 621 3298 oui
645 3225 758 3286 dunno
780 3226 931 3290 moetus
956 3227 1049 3299 fimus
1069 3232 1260 3304 nonnihit

132 3319 293 3379 -obseentns
317 3319 527 3378 mnndum
550 3315 614 3378 οὐδ’
636 3314 743 3398 εὖχος,
765 3316 866 3396 'Appios
890 3316 924 3378 οὐ
948 3317 1038 3392 βέλος
1067 3316 1161 3395 ἔλα,
1193 3339 1259 3386 m

132 3407 275 3490 ἔηχοςεί
295 3410 569 3486 οιλλαίοιοτβέλος,
593 3413 668 3472 ninii
691 3413 723 3472 id
746 3427 814 3472 esee
836 3411 1259 3484 nisiqnodimdittun't

134 3520 206 3563 num
223 3503 876 3579 flelochalocntionesngitiencignffiut
896 3501 993 3576 (τόξον
1012 3509 1103 3578 ΗΒ)
1118 3507 1260 3574 ntdooet

136 3599 232 3658 Nonn
251 3599 371 3672 Dionys
393 3606 440 3671 15,
462 3605 530 3658 245.
552 3605 598 3671 le,
619 3607 646 3658 2.
668 3602 714 3672 17,
736 3605 800 3658 109.
821 3607 869 3673 28,
890 3604 956 3673 iit,
972 3605 1041 3662 w
1058 3605 1107 3674 20,
1126 3607 1193 3664 184.
1209 3607 1259 3676 nt,

139 3696 204 3752 usn.
231 3701 278 3766 eo,
295 3701 363 3754 een
387 3702 435 3766 uo,
454 3701 524 3754 ooo.
545 3693 584 3752 nd
601 3687 694 3772 ἔγχος
713 3699 810 3752 utun
835 3699 915 3757 reno
937 3691 1044 3754 raoni
1066 3688 1150 3752 ἕλκοι
1174 3696 1260 3759 docet

138 3786 241 3860 Enrip.
265 3787 353 3848 Rhoe
380 3791 441 3848 oto
469 3783 521 3864 ἐφ’
544 3781 622 3865 ᾇπερ
648 3781 741 3865 ἔγχος
764 3785 916 3846 mae
943 3784 1040 3849 retu
1084 3786 1164 3862 ego,
1193 3807 1258 3851 oon

139 3879 206 3937 olirn
230 3879 357 3939 offensus
382 3883 471 3940 efien
496 3882 646 3954 praesenti
671 3876 751 3938 ἕλκοι
774 3885 843 3955 post
865 3879 1065 3955 imperfectus
1085 3875 1138 3960 ἔην
1155 3899 1257 3958 perum

140 3971 290 4049 eleganter
304 3975 419 4051 posito,
439 3971 594 4054 r110opro
612 3969 695 4034 ἕλκω
714 3991 751 4037 ex
769 3992 814 4036 κν.
834 3980 881 4034 95.
901 3981 938 4036 ut
955 3974 1159 4052 coniecissem,
1183 3993 1261 4042 nune

1022 4067 1056 4120 41
