<?xml version="1.0" encoding="UTF-8"?>
<!DOCTYPE html PUBLIC "-//W3C//DTD XHTML 1.0 Transitional//EN"
    "http://www.w3.org/TR/xhtml1/DTD/xhtml1-transitional.dtd">
<html xmlns="http://www.w3.org/1999/xhtml" xml:lang="en" lang="en">
 <head>
  <title>
</title>
<meta http-equiv="Content-Type" content="text/html;charset=utf-8" />
  <meta name='ocr-system' content='tesseract 3.04.00' />
  <meta name='ocr-capabilities' content='ocr_page ocr_carea ocr_par ocr_line ocrx_word'/>
</head>
<body>
  <div class='ocr_page' id='page_1' title='image "./colluthilycopol00collgoog_0007.png"; bbox 0 0 3092 4662; ppageno 0'>
   <div class='ocr_carea' id='block_1_1' title="bbox 488 1147 998 1254">
    <p class='ocr_par' dir='ltr' id='par_1_1' title="bbox 488 1076 998 1254">
     <span class='ocr_line' id='line_1_1' title="bbox 488 1147 998 1254; baseline 0.012 -6"><span class='ocrx_word' id='word_1_1' title='bbox 488 1147 998 1254; x_wconf 70' lang='lat' dir='ltr'><strong>rennuente.</strong></span> 
     </span>
    </p>
   </div>
   <div class='ocr_carea' id='block_1_2' title="bbox 692 1385 792 1396">
    <p class='ocr_par' dir='ltr' id='par_1_2' title="bbox 692 1385 792 1396">
     <span class='ocr_line' id='line_1_2' title="bbox 692 1385 792 1396; baseline 0 -2"><span class='ocrx_word' id='word_1_2' title='bbox 692 1385 792 1396; x_wconf 77' lang='lat'><strong>——-</strong></span> 
     </span>
    </p>
   </div>
   <div class='ocr_carea' id='block_1_3' title="bbox 176 1530 1308 1788">
    <p class='ocr_par' dir='ltr' id='par_1_3' title="bbox 176 1530 1308 1788">
     <span class='ocr_line' id='line_1_3' title="bbox 176 1530 1306 1678; baseline -0.003 -16"><span class='ocrx_word' id='word_1_3' title='bbox 176 1530 344 1662; x_wconf 72' lang='lat' dir='ltr'><strong>Colluthi</strong></span> <span class='ocrx_word' id='word_1_4' title='bbox 360 1592 583 1677; x_wconf 82' lang='lat' dir='ltr'><strong>Lycopolitani</strong></span> <span class='ocrx_word' id='word_1_5' title='bbox 604 1613 736 1656; x_wconf 88' lang='lat' dir='ltr'><strong>carmen</strong></span> <span class='ocrx_word' id='word_1_6' title='bbox 757 1591 881 1675; x_wconf 90' lang='lat' dir='ltr'><strong>epicum</strong></span> <span class='ocrx_word' id='word_1_7' title='bbox 905 1594 945 1658; x_wconf 93' lang='lat' dir='ltr'><strong>de</strong></span> <span class='ocrx_word' id='word_1_8' title='bbox 961 1600 1063 1678; x_wconf 89' lang='lat' dir='ltr'><strong>raptu</strong></span> <span class='ocrx_word' id='word_1_9' title='bbox 1079 1594 1219 1661; x_wconf 80' lang='lat' dir='ltr'>Helenae</span> <span class='ocrx_word' id='word_1_10' title='bbox 1235 1617 1306 1660; x_wconf 88' lang='lat' dir='ltr'><strong>ver·</strong></span> 
     </span>
     <span class='ocr_line' id='line_1_4' title="bbox 178 1695 1308 1788; baseline -0.003 -16"><span class='ocrx_word' id='word_1_11' title='bbox 178 1707 269 1772; x_wconf 92' lang='lat' dir='ltr'><strong>sibus</strong></span> <span class='ocrx_word' id='word_1_12' title='bbox 293 1703 537 1788; x_wconf 79' lang='lat' dir='ltr'><strong>elegantissimis</strong></span> <span class='ocrx_word' id='word_1_13' title='bbox 559 1703 602 1768; x_wconf 90' lang='lat' dir='ltr'><strong>ad</strong></span> <span class='ocrx_word' id='word_1_14' title='bbox 617 1703 722 1768; x_wconf 89' lang='lat' dir='ltr'><strong>Nonni</strong></span> <span class='ocrx_word' id='word_1_15' title='bbox 743 1723 887 1768; x_wconf 88' lang='lat' dir='ltr'><strong>normam</strong></span> <span class='ocrx_word' id='word_1_16' title='bbox 904 1704 1039 1770; x_wconf 88' lang='lat' dir='ltr'><strong>conditis</strong></span> <span class='ocrx_word' id='word_1_17' title='bbox 1053 1695 1189 1778; x_wconf 71' lang='lat' dir='ltr'><strong>&#39;ineunte</strong></span> <span class='ocrx_word' id='word_1_18' title='bbox 1209 1708 1245 1769; x_wconf 94' lang='lat' dir='ltr'><strong>ut</strong></span> <span class='ocrx_word' id='word_1_19' title='bbox 1259 1705 1308 1770; x_wconf 85' lang='lat' dir='ltr'><strong>vi·-</strong></span> 
     </span>
    </p>
   </div>
   <div class='ocr_carea' id='block_1_4' title="bbox 69 1813 1302 1901">
    <p class='ocr_par' dir='ltr' id='par_1_4' title="bbox 69 1813 1302 1901">
     <span class='ocr_line' id='line_1_5' title="bbox 69 1813 1302 1901; baseline -0.001 -20"><span class='ocrx_word' id='word_1_20' title='bbox 69 1853 72 1858; x_wconf 93' lang='lat'>·</span> <span class='ocrx_word' id='word_1_21' title='bbox 175 1817 269 1882; x_wconf 92' lang='lat' dir='ltr'><strong>detur</strong></span> <span class='ocrx_word' id='word_1_22' title='bbox 283 1839 315 1901; x_wconf 90' lang='lat' dir='ltr'><strong>p.</strong></span> <span class='ocrx_word' id='word_1_23' title='bbox 333 1814 406 1880; x_wconf 81' lang='lat' dir='ltr'><strong>chr.</strong></span> <span class='ocrx_word' id='word_1_24' title='bbox 423 1835 454 1877; x_wconf 94' lang='lat' dir='ltr'><strong>n.</strong></span> <span class='ocrx_word' id='word_1_25' title='bbox 470 1813 597 1879; x_wconf 88' lang='lat' dir='ltr'><strong>saeculo</strong></span> <span class='ocrx_word' id='word_1_26' title='bbox 613 1817 706 1880; x_wconf 85' lang='lat' dir='ltr'><strong>sexto</strong></span> <span class='ocrx_word' id='word_1_27' title='bbox 722 1815 943 1898; x_wconf 89' lang='lat' dir='ltr'><strong>compositum,</strong></span> <span class='ocrx_word' id='word_1_28' title='bbox 965 1813 1041 1880; x_wconf 90' lang='lat' dir='ltr'><strong>licet</strong></span> <span class='ocrx_word' id='word_1_29' title='bbox 1054 1816 1152 1899; x_wconf 89' lang='lat' dir='ltr'><strong>paulo</strong></span> <span class='ocrx_word' id='word_1_30' title='bbox 1168 1814 1302 1880; x_wconf 89' lang='lat' dir='ltr'><strong>ieiunius</strong></span> 
     </span>
    </p>
   </div>
   <div class='ocr_carea' id='block_1_5' title="bbox 167 1923 1303 4107">
    <p class='ocr_par' dir='ltr' id='par_1_5' title="bbox 167 1923 1303 4107">
     <span class='ocr_line' id='line_1_6' title="bbox 174 1923 1302 2011; baseline -0.002 -19"><span class='ocrx_word' id='word_1_31' title='bbox 174 1931 207 1992; x_wconf 88' lang='lat' dir='ltr'><strong>et</strong></span> <span class='ocrx_word' id='word_1_32' title='bbox 235 1925 338 1991; x_wconf 91' lang='lat' dir='ltr'><strong>multo</strong></span> <span class='ocrx_word' id='word_1_33' title='bbox 367 1925 470 2008; x_wconf 87' lang='lat' dir='ltr'><strong>magis</strong></span> <span class='ocrx_word' id='word_1_34' title='bbox 499 1924 651 2011; x_wconf 88' lang='lat' dir='ltr'><strong>loquendi</strong></span> <span class='ocrx_word' id='word_1_35' title='bbox 680 1923 822 1990; x_wconf 84' lang='lat' dir='ltr'><strong>formulis</strong></span> <span class='ocrx_word' id='word_1_36' title='bbox 851 1947 934 2009; x_wconf 82' lang='lat' dir='ltr'><strong>quae</strong></span> <span class='ocrx_word' id='word_1_37' title='bbox 964 1927 1087 1992; x_wconf 87' lang='lat' dir='ltr'><strong>auctori</strong></span> <span class='ocrx_word' id='word_1_38' title='bbox 1115 1927 1149 1991; x_wconf 92' lang='lat' dir='ltr'><strong>in</strong></span> <span class='ocrx_word' id='word_1_39' title='bbox 1180 1925 1302 1990; x_wconf 89' lang='lat' dir='ltr'><strong>deliciis</strong></span> 
     </span>
     <span class='ocr_line' id='line_1_7' title="bbox 173 2034 1303 2122; baseline -0.002 -21"><span class='ocrx_word' id='word_1_40' title='bbox 173 2041 266 2101; x_wconf 89' lang='lat' dir='ltr'><strong>erant</strong></span> <span class='ocrx_word' id='word_1_41' title='bbox 288 2035 332 2101; x_wconf 88' lang='lat' dir='ltr'><strong>ad</strong></span> <span class='ocrx_word' id='word_1_42' title='bbox 353 2055 506 2100; x_wconf 89' lang='lat' dir='ltr'><strong>nauseam</strong></span> <span class='ocrx_word' id='word_1_43' title='bbox 520 2055 623 2122; x_wconf 92' lang='lat' dir='ltr'><strong>usque</strong></span> <span class='ocrx_word' id='word_1_44' title='bbox 645 2035 833 2118; x_wconf 82' lang='lat' dir='ltr'><strong>saepissime</strong></span> <span class='ocrx_word' id='word_1_45' title='bbox 847 2035 1084 2102; x_wconf 81' lang='lat' dir='ltr'><strong>recurrentibus</strong></span> <span class='ocrx_word' id='word_1_46' title='bbox 1100 2057 1197 2119; x_wconf 87' lang='lat' dir='ltr'><strong>quam</strong></span> <span class='ocrx_word' id='word_1_47' title='bbox 1215 2034 1303 2100; x_wconf 89' lang='lat' dir='ltr'><strong>fideli</strong></span> 
     </span>
     <span class='ocr_line' id='line_1_8' title="bbox 173 2144 1300 2228; baseline 0 -18"><span class='ocrx_word' id='word_1_48' title='bbox 173 2146 278 2212; x_wconf 87' lang='lat' dir='ltr'><strong>Nonni</strong></span> <span class='ocrx_word' id='word_1_49' title='bbox 293 2145 474 2211; x_wconf 74' lang='lat' dir='ltr'><strong>imitatione</strong></span> <span class='ocrx_word' id='word_1_50' title='bbox 484 2145 615 2228; x_wconf 85' lang='lat' dir='ltr'><strong>insigne,</strong></span> <span class='ocrx_word' id='word_1_51' title='bbox 631 2149 739 2209; x_wconf 85' lang='lat' dir='ltr'><strong>tamen</strong></span> <span class='ocrx_word' id='word_1_52' title='bbox 750 2145 825 2212; x_wconf 88' lang='lat' dir='ltr'><strong>inde</strong></span> <span class='ocrx_word' id='word_1_53' title='bbox 839 2167 860 2210; x_wconf 91' lang='lat' dir='ltr'><strong>a</strong></span> <span class='ocrx_word' id='word_1_54' title='bbox 871 2145 1109 2212; x_wconf 87' lang='lat' dir='ltr'><strong>renascentium</strong></span> <span class='ocrx_word' id='word_1_55' title='bbox 1119 2144 1300 2210; x_wconf 89' lang='lat' dir='ltr'><strong>litterarum</strong></span> 
     </span>
     <span class='ocr_line' id='line_1_9' title="bbox 177 2253 1299 2339; baseline -0.002 -17"><span class='ocrx_word' id='word_1_56' title='bbox 177 2257 376 2339; x_wconf 89' lang='lat' dir='ltr'><strong>temporibus</strong></span> <span class='ocrx_word' id='word_1_57' title='bbox 390 2256 563 2321; x_wconf 88' lang='lat' dir='ltr'><strong>multorum</strong></span> <span class='ocrx_word' id='word_1_58' title='bbox 585 2256 724 2322; x_wconf 87' lang='lat' dir='ltr'><strong>virorum</strong></span> <span class='ocrx_word' id='word_1_59' title='bbox 740 2255 908 2322; x_wconf 89' lang='lat' dir='ltr'><strong>doctorum</strong></span> <span class='ocrx_word' id='word_1_60' title='bbox 931 2256 1094 2320; x_wconf 87' lang='lat' dir='ltr'><strong>assiduam</strong></span> <span class='ocrx_word' id='word_1_61' title='bbox 1114 2253 1299 2338; x_wconf 82' lang='lat' dir='ltr'><strong>felicemque</strong></span> 
     </span>
     <span class='ocr_line' id='line_1_10' title="bbox 174 2364 1300 2450; baseline -0.003 -19"><span class='ocrx_word' id='word_1_62' title='bbox 174 2371 341 2450; x_wconf 87' lang='lat' dir='ltr'><strong>expertum</strong></span> <span class='ocrx_word' id='word_1_63' title='bbox 364 2372 413 2431; x_wconf 88' lang='lat' dir='ltr'><strong>est</strong></span> <span class='ocrx_word' id='word_1_64' title='bbox 435 2385 575 2449; x_wconf 88' lang='lat' dir='ltr'><strong>operam.</strong></span> <span class='ocrx_word' id='word_1_65' title='bbox 617 2365 729 2450; x_wconf 90' lang='lat' dir='ltr'><strong>Neque</strong></span> <span class='ocrx_word' id='word_1_66' title='bbox 751 2370 859 2432; x_wconf 88' lang='lat' dir='ltr'><strong>tamen</strong></span> <span class='ocrx_word' id='word_1_67' title='bbox 881 2387 932 2431; x_wconf 89' lang='lat' dir='ltr'><strong>me</strong></span> <span class='ocrx_word' id='word_1_68' title='bbox 954 2364 1104 2431; x_wconf 90' lang='lat' dir='ltr'><strong>laborum</strong></span> <span class='ocrx_word' id='word_1_69' title='bbox 1124 2385 1204 2450; x_wconf 79' lang='lat' dir='ltr'><strong>quos</strong></span> <span class='ocrx_word' id='word_1_70' title='bbox 1226 2364 1300 2429; x_wconf 91' lang='lat' dir='ltr'><strong>huic</strong></span> 
     </span>
     <span class='ocr_line' id='line_1_11' title="bbox 173 2475 1299 2560; baseline -0.002 -18"><span class='ocrx_word' id='word_1_71' title='bbox 173 2477 307 2542; x_wconf 88' lang='lat' dir='ltr'><strong>carmini</strong></span> <span class='ocrx_word' id='word_1_72' title='bbox 328 2477 470 2560; x_wconf 90' lang='lat' dir='ltr'><strong>impendi</strong></span> <span class='ocrx_word' id='word_1_73' title='bbox 489 2477 642 2560; x_wconf 90' lang='lat' dir='ltr'><strong>poenitet,</strong></span> <span class='ocrx_word' id='word_1_74' title='bbox 666 2497 739 2541; x_wconf 91' lang='lat' dir='ltr'><strong>cum</strong></span> <span class='ocrx_word' id='word_1_75' title='bbox 754 2476 844 2541; x_wconf 92' lang='lat' dir='ltr'><strong>nulla</strong></span> <span class='ocrx_word' id='word_1_76' title='bbox 866 2477 933 2542; x_wconf 88' lang='lat' dir='ltr'><strong>eius</strong></span> <span class='ocrx_word' id='word_1_77' title='bbox 955 2481 1044 2542; x_wconf 87' lang='lat' dir='ltr'><strong>extet</strong></span> <span class='ocrx_word' id='word_1_78' title='bbox 1059 2476 1157 2541; x_wconf 92' lang='lat' dir='ltr'><strong>editio</strong></span> <span class='ocrx_word' id='word_1_79' title='bbox 1178 2475 1211 2540; x_wconf 92' lang='lat' dir='ltr'><strong>in</strong></span> <span class='ocrx_word' id='word_1_80' title='bbox 1234 2495 1299 2558; x_wconf 87' lang='lat' dir='ltr'><strong>qua</strong></span> 
     </span>
     <span class='ocr_line' id='line_1_12' title="bbox 175 2584 1299 2652; baseline -0.002 0"><span class='ocrx_word' id='word_1_81' title='bbox 175 2585 321 2652; x_wconf 90' lang='lat' dir='ltr'><strong>codicum</strong></span> <span class='ocrx_word' id='word_1_82' title='bbox 340 2586 538 2652; x_wconf 84' lang='lat' dir='ltr'><strong>variantibus</strong></span> <span class='ocrx_word' id='word_1_83' title='bbox 554 2586 741 2652; x_wconf 88' lang='lat' dir='ltr'><strong>lectionibus</strong></span> <span class='ocrx_word' id='word_1_84' title='bbox 769 2591 802 2651; x_wconf 89' lang='lat' dir='ltr'><strong>et</strong></span> <span class='ocrx_word' id='word_1_85' title='bbox 822 2586 1003 2652; x_wconf 90' lang='lat' dir='ltr'><strong>criticorum</strong></span> <span class='ocrx_word' id='word_1_86' title='bbox 1025 2584 1299 2652; x_wconf 77' lang='lat' dir='ltr'><strong>observationibus</strong></span> 
     </span>
     <span class='ocr_line' id='line_1_13' title="bbox 171 2695 1298 2780; baseline 0 -20"><span class='ocrx_word' id='word_1_87' title='bbox 171 2696 205 2760; x_wconf 92' lang='lat' dir='ltr'><strong>in</strong></span> <span class='ocrx_word' id='word_1_88' title='bbox 231 2717 330 2761; x_wconf 92' lang='lat' dir='ltr'><strong>unum</strong></span> <span class='ocrx_word' id='word_1_89' title='bbox 358 2697 514 2780; x_wconf 83' lang='lat' dir='ltr'><strong>congestis</strong></span> <span class='ocrx_word' id='word_1_90' title='bbox 544 2716 673 2760; x_wconf 89' lang='lat' dir='ltr'><strong>carmen</strong></span> <span class='ocrx_word' id='word_1_91' title='bbox 702 2695 787 2760; x_wconf 92' lang='lat' dir='ltr'><strong>lectu</strong></span> <span class='ocrx_word' id='word_1_92' title='bbox 809 2715 887 2762; x_wconf 89' lang='lat' dir='ltr'><strong>sane</strong></span> <span class='ocrx_word' id='word_1_93' title='bbox 908 2716 971 2760; x_wconf 89' lang='lat' dir='ltr'><strong>non</strong></span> <span class='ocrx_word' id='word_1_94' title='bbox 996 2695 1164 2776; x_wconf 90' lang='lat' dir='ltr'><strong>indignum</strong></span> <span class='ocrx_word' id='word_1_95' title='bbox 1186 2695 1298 2760; x_wconf 90' lang='lat' dir='ltr'><strong>sinon</strong></span> 
     </span>
     <span class='ocr_line' id='line_1_14' title="bbox 171 2803 1298 2891; baseline -0.003 -20"><span class='ocrx_word' id='word_1_96' title='bbox 171 2806 215 2871; x_wconf 89' lang='lat' dir='ltr'><strong>ad</strong></span> <span class='ocrx_word' id='word_1_97' title='bbox 237 2807 406 2891; x_wconf 90' lang='lat' dir='ltr'><strong>pristinum</strong></span> <span class='ocrx_word' id='word_1_98' title='bbox 428 2807 563 2871; x_wconf 89' lang='lat' dir='ltr'><strong>nitorem</strong></span> <span class='ocrx_word' id='word_1_99' title='bbox 585 2805 768 2884; x_wconf 89' lang='lat' dir='ltr'><strong>reductum,</strong></span> <span class='ocrx_word' id='word_1_100' title='bbox 806 2803 921 2870; x_wconf 89' lang='lat' dir='ltr'><strong>saltem</strong></span> <span class='ocrx_word' id='word_1_101' title='bbox 947 2805 995 2869; x_wconf 89' lang='lat' dir='ltr'><strong>ita</strong></span> <span class='ocrx_word' id='word_1_102' title='bbox 1017 2803 1212 2886; x_wconf 90' lang='lat' dir='ltr'><strong>descriptum</strong></span> <span class='ocrx_word' id='word_1_103' title='bbox 1241 2823 1298 2888; x_wconf 91' lang='lat' dir='ltr'><strong>ap·</strong></span> 
     </span>
     <span class='ocr_line' id='line_1_15' title="bbox 171 2913 1297 3002; baseline -0.004 -20"><span class='ocrx_word' id='word_1_104' title='bbox 171 2922 349 3002; x_wconf 85' lang='lat' dir='ltr'><strong>paratuque</strong></span> <span class='ocrx_word' id='word_1_105' title='bbox 365 2917 474 2987; x_wconf 88' lang='lat' dir='ltr'><strong>critico</strong></span> <span class='ocrx_word' id='word_1_106' title='bbox 490 2922 638 2982; x_wconf 89' lang='lat' dir='ltr'><strong>ornatum</strong></span> <span class='ocrx_word' id='word_1_107' title='bbox 654 2916 704 2997; x_wconf 91' lang='lat' dir='ltr'><strong>sit,</strong></span> <span class='ocrx_word' id='word_1_108' title='bbox 720 2920 757 2979; x_wconf 91' lang='lat' dir='ltr'><strong>ut</strong></span> <span class='ocrx_word' id='word_1_109' title='bbox 772 2914 871 2982; x_wconf 89' lang='lat' dir='ltr'><strong>multo</strong></span> <span class='ocrx_word' id='word_1_110' title='bbox 886 2915 950 2980; x_wconf 91' lang='lat' dir='ltr'><strong>iam</strong></span> <span class='ocrx_word' id='word_1_111' title='bbox 966 2913 1090 2981; x_wconf 85' lang='lat' dir='ltr'><strong>facilior</strong></span> <span class='ocrx_word' id='word_1_112' title='bbox 1110 2915 1177 2979; x_wconf 87' lang='lat' dir='ltr'><strong>eius</strong></span> <span class='ocrx_word' id='word_1_113' title='bbox 1192 2934 1297 2979; x_wconf 91' lang='lat' dir='ltr'><strong>emen-</strong></span> 
     </span>
     <span class='ocr_line' id='line_1_16' title="bbox 170 3025 1297 3110; baseline 0.002 -20"><span class='ocrx_word' id='word_1_114' title='bbox 170 3026 260 3091; x_wconf 86' lang='lat' dir='ltr'><strong>datio</strong></span> <span class='ocrx_word' id='word_1_115' title='bbox 284 3026 468 3092; x_wconf 88' lang='lat' dir='ltr'><strong>editoribus·</strong></span> <span class='ocrx_word' id='word_1_116' title='bbox 480 3031 514 3091; x_wconf 89' lang='lat' dir='ltr'><strong>et</strong></span> <span class='ocrx_word' id='word_1_117' title='bbox 536 3026 653 3090; x_wconf 88' lang='lat' dir='ltr'><strong>criticis</strong></span> <span class='ocrx_word' id='word_1_118' title='bbox 677 3027 786 3090; x_wconf 83' lang='lat' dir='ltr'><strong>fubrra</strong></span> <span class='ocrx_word' id='word_1_119' title='bbox 808 3027 860 3091; x_wconf 87' lang='lat' dir='ltr'><strong>sit.</strong></span> <span class='ocrx_word' id='word_1_120' title='bbox 905 3025 989 3090; x_wconf 89' lang='lat' dir='ltr'><strong>Nam</strong></span> <span class='ocrx_word' id='word_1_121' title='bbox 1016 3029 1053 3090; x_wconf 91' lang='lat' dir='ltr'><strong>ut</strong></span> <span class='ocrx_word' id='word_1_122' title='bbox 1076 3046 1180 3108; x_wconf 85' lang='lat' dir='ltr'><strong>pauca</strong></span> <span class='ocrx_word' id='word_1_123' title='bbox 1202 3047 1297 3110; x_wconf 88' lang='lat' dir='ltr'><strong>quae·</strong></span> 
     </span>
     <span class='ocr_line' id='line_1_17' title="bbox 172 3135 1294 3219; baseline -0.002 -17"><span class='ocrx_word' id='word_1_124' title='bbox 172 3138 250 3202; x_wconf 88' lang='lat' dir='ltr'><strong>dam</strong></span> <span class='ocrx_word' id='word_1_125' title='bbox 273 3137 313 3201; x_wconf 89' lang='lat' dir='ltr'><strong>dc</strong></span> <span class='ocrx_word' id='word_1_126' title='bbox 336 3137 476 3202; x_wconf 84' lang='lat' dir='ltr'><strong>Colluthi</strong></span> <span class='ocrx_word' id='word_1_127' title='bbox 497 3135 633 3201; x_wconf 88' lang='lat' dir='ltr'><strong>historia</strong></span> <span class='ocrx_word' id='word_1_128' title='bbox 663 3136 774 3201; x_wconf 86' lang='lat' dir='ltr'><strong>critica</strong></span> <span class='ocrx_word' id='word_1_129' title='bbox 801 3136 1020 3219; x_wconf 87' lang='lat' dir='ltr'><strong>praemittam,</strong></span> <span class='ocrx_word' id='word_1_130' title='bbox 1049 3141 1125 3218; x_wconf 89' lang='lat' dir='ltr'><strong>post</strong></span> <span class='ocrx_word' id='word_1_131' title='bbox 1147 3135 1294 3201; x_wconf 83' lang='lat' dir='ltr'><strong>Aldinam</strong></span> 
     </span>
     <span class='ocr_line' id='line_1_18' title="bbox 171 3247 1294 3331; baseline 0 -19"><span class='ocrx_word' id='word_1_132' title='bbox 171 3247 344 3313; x_wconf 86' lang='lat' dir='ltr'><strong>editionem</strong></span> <span class='ocrx_word' id='word_1_133' title='bbox 360 3267 378 3312; x_wconf 92' lang='lat' dir='ltr'><strong>e</strong></span> <span class='ocrx_word' id='word_1_134' title='bbox 392 3248 551 3330; x_wconf 87' lang='lat' dir='ltr'><strong>pessimae</strong></span> <span class='ocrx_word' id='word_1_135' title='bbox 571 3252 668 3312; x_wconf 88' lang='lat' dir='ltr'><strong>notae</strong></span> <span class='ocrx_word' id='word_1_136' title='bbox 690 3247 798 3313; x_wconf 88' lang='lat' dir='ltr'><strong>codice</strong></span> <span class='ocrx_word' id='word_1_137' title='bbox 820 3252 895 3331; x_wconf 90' lang='lat' dir='ltr'><strong>post</strong></span> <span class='ocrx_word' id='word_1_138' title='bbox 918 3247 1068 3324; x_wconf 84' lang='lat' dir='ltr'><strong>Quintum</strong></span> <span class='ocrx_word' id='word_1_139' title='bbox 1084 3247 1294 3331; x_wconf 85' lang='lat' dir='ltr'><strong>Smyrnaeum</strong></span> 
     </span>
     <span class='ocr_line' id='line_1_19' title="bbox 171 3355 1294 3442; baseline 0.002 -21"><span class='ocrx_word' id='word_1_140' title='bbox 171 3357 239 3422; x_wconf 92' lang='lat' dir='ltr'><strong>sine</strong></span> <span class='ocrx_word' id='word_1_141' title='bbox 261 3357 391 3422; x_wconf 89' lang='lat' dir='ltr'><strong>adiecta</strong></span> <span class='ocrx_word' id='word_1_142' title='bbox 413 3356 488 3422; x_wconf 88' lang='lat' dir='ltr'><strong>anni</strong></span> <span class='ocrx_word' id='word_1_143' title='bbox 508 3363 587 3422; x_wconf 89' lang='lat' dir='ltr'><strong>nota</strong></span> <span class='ocrx_word' id='word_1_144' title='bbox 617 3358 822 3440; x_wconf 88' lang='lat' dir='ltr'><strong>impressam,</strong></span> <span class='ocrx_word' id='word_1_145' title='bbox 852 3377 935 3442; x_wconf 88' lang='lat' dir='ltr'><strong>quae</strong></span> <span class='ocrx_word' id='word_1_146' title='bbox 964 3357 1007 3423; x_wconf 90' lang='lat' dir='ltr'><strong>ab</strong></span> <span class='ocrx_word' id='word_1_147' title='bbox 1036 3356 1108 3422; x_wconf 91' lang='lat' dir='ltr'><strong>aliis</strong></span> <span class='ocrx_word' id='word_1_148' title='bbox 1137 3355 1230 3421; x_wconf 89' lang='lat' dir='ltr'><strong>aliter</strong></span> <span class='ocrx_word' id='word_1_149' title='bbox 1251 3358 1294 3423; x_wconf 87' lang='lat' dir='ltr'><strong>ad</strong></span> 
     </span>
     <span class='ocr_line' id='line_1_20' title="bbox 170 3466 1295 3558; baseline 0 -26"><span class='ocrx_word' id='word_1_150' title='bbox 170 3489 289 3534; x_wconf 86' lang='lat' dir='ltr'><strong>annum</strong></span> <span class='ocrx_word' id='word_1_151' title='bbox 315 3469 406 3548; x_wconf 83' lang='grc'>1504,</span> <span class='ocrx_word' id='word_1_152' title='bbox 433 3469 732 3534; x_wconf 74' lang='lat'>1505111111101521</span> <span class='ocrx_word' id='word_1_153' title='bbox 757 3467 905 3548; x_wconf 88' lang='lat' dir='ltr'><strong>refertur,</strong></span> <span class='ocrx_word' id='word_1_154' title='bbox 929 3469 1051 3553; x_wconf 88' lang='lat' dir='ltr'><strong>primus</strong></span> <span class='ocrx_word' id='word_1_155' title='bbox 1074 3466 1295 3558; x_wconf 85' lang='lat' dir='ltr'><strong>Brodaeusin</strong></span> 
     </span>
     <span class='ocr_line' id='line_1_21' title="bbox 173 3577 1289 3662; baseline 0.002 -25"><span class='ocrx_word' id='word_1_156' title='bbox 173 3578 460 3646; x_wconf 72' lang='lat' dir='ltr'><strong>»Annotationibus</strong></span> <span class='ocrx_word' id='word_1_157' title='bbox 474 3579 507 3643; x_wconf 92' lang='lat' dir='ltr'><strong>in</strong></span> <span class='ocrx_word' id='word_1_158' title='bbox 523 3578 650 3644; x_wconf 81' lang='lat' dir='ltr'><strong>Coluthi</strong></span> <span class='ocrx_word' id='word_1_159' title='bbox 662 3578 805 3643; x_wconf 86' lang='lat' dir='ltr'><strong>Thebani</strong></span> <span class='ocrx_word' id='word_1_160' title='bbox 821 3578 862 3644; x_wconf 92' lang='lat' dir='ltr'><strong>de</strong></span> <span class='ocrx_word' id='word_1_161' title='bbox 880 3579 987 3662; x_wconf 90' lang='lat' dir='ltr'><strong>Raptu</strong></span> <span class='ocrx_word' id='word_1_162' title='bbox 999 3577 1140 3644; x_wconf 89' lang='lat' dir='ltr'><strong>Helenae</strong></span> <span class='ocrx_word' id='word_1_163' title='bbox 1156 3577 1289 3643; x_wconf 72' lang='lat' dir='ltr'><strong>librum«</strong></span> 
     </span>
     <span class='ocr_line' id='line_1_22' title="bbox 170 3687 1294 3780; baseline 0.002 -29"><span class='ocrx_word' id='word_1_164' title='bbox 170 3687 340 3773; x_wconf 85' lang='lat' dir='ltr'><strong>(Basileae,</strong></span> <span class='ocrx_word' id='word_1_165' title='bbox 363 3711 422 3774; x_wconf 91' lang='lat' dir='ltr'><strong>per</strong></span> <span class='ocrx_word' id='word_1_166' title='bbox 441 3689 914 3776; x_wconf 78' lang='lat' dir='ltr'><strong>IoannemHervagium1552)</strong></span> <span class='ocrx_word' id='word_1_167' title='bbox 938 3690 1094 3757; x_wconf 77' lang='lat' dir='ltr'><strong>nonnul&#39;os</strong></span> <span class='ocrx_word' id='word_1_168' title='bbox 1116 3689 1203 3780; x_wconf 89' lang='lat' dir='ltr'><strong>locos</strong></span> <span class='ocrx_word' id='word_1_169' title='bbox 1225 3688 1294 3755; x_wconf 88' lang='lat' dir='ltr'><strong>feli-</strong></span> 
     </span>
     <span class='ocr_line' id='line_1_23' title="bbox 170 3799 1292 3884; baseline 0 -19"><span class='ocrx_word' id='word_1_170' title='bbox 170 3800 249 3866; x_wconf 90' lang='lat' dir='ltr'><strong>citer</strong></span> <span class='ocrx_word' id='word_1_171' title='bbox 272 3802 417 3883; x_wconf 86' lang='lat' dir='ltr'><strong>correxit,</strong></span> <span class='ocrx_word' id='word_1_172' title='bbox 440 3801 520 3866; x_wconf 89' lang='lat' dir='ltr'><strong>alios</strong></span> <span class='ocrx_word' id='word_1_173' title='bbox 542 3807 663 3866; x_wconf 90' lang='lat' dir='ltr'><strong>temere</strong></span> <span class='ocrx_word' id='word_1_174' title='bbox 690 3801 845 3882; x_wconf 82' lang='lat' dir='ltr'><strong>mutavit,</strong></span> <span class='ocrx_word' id='word_1_175' title='bbox 875 3821 991 3884; x_wconf 89' lang='lat' dir='ltr'><strong>parum</strong></span> <span class='ocrx_word' id='word_1_176' title='bbox 1020 3799 1053 3864; x_wconf 92' lang='lat' dir='ltr'><strong>in</strong></span> <span class='ocrx_word' id='word_1_177' title='bbox 1080 3799 1141 3864; x_wconf 90' lang='lat' dir='ltr'><strong>hoc</strong></span> <span class='ocrx_word' id='word_1_178' title='bbox 1166 3801 1292 3882; x_wconf 87' lang='lat' dir='ltr'><strong>negotio</strong></span> 
     </span>
     <span class='ocr_line' id='line_1_24' title="bbox 169 3909 1292 3996; baseline 0.003 -23"><span class='ocrx_word' id='word_1_179' title='bbox 169 3909 298 3976; x_wconf 90' lang='lat' dir='ltr'><strong>adiutus</strong></span> <span class='ocrx_word' id='word_1_180' title='bbox 314 3931 335 3975; x_wconf 90' lang='lat' dir='ltr'><strong>a</strong></span> <span class='ocrx_word' id='word_1_181' title='bbox 350 3911 495 3977; x_wconf 83' lang='lat' dir='ltr'><strong>versione</strong></span> <span class='ocrx_word' id='word_1_182' title='bbox 509 3912 611 3977; x_wconf 87' lang='lat' dir='ltr'><strong>latina</strong></span> <span class='ocrx_word' id='word_1_183' title='bbox 626 3912 752 3977; x_wconf 87' lang='lat' dir='ltr'><strong>Eobeni</strong></span> <span class='ocrx_word' id='word_1_184' title='bbox 767 3912 861 3978; x_wconf 90' lang='lat' dir='ltr'><strong>Hessi</strong></span> <span class='ocrx_word' id='word_1_185' title='bbox 877 3911 1091 3996; x_wconf 86' lang='lat' dir='ltr'><strong>(Erphurdiae</strong></span> <span class='ocrx_word' id='word_1_186' title='bbox 1104 3912 1198 3995; x_wconf 90' lang='grc'>1533)</span> <span class='ocrx_word' id='word_1_187' title='bbox 1214 3911 1292 3976; x_wconf 88' lang='lat' dir='ltr'><strong>satis</strong></span> 
     </span>
     <span class='ocr_line' id='line_1_25' title="bbox 167 4019 1291 4107; baseline -0.002 -21"><span class='ocrx_word' id='word_1_188' title='bbox 167 4021 277 4104; x_wconf 89' lang='lat' dir='ltr'><strong>inepta</strong></span> <span class='ocrx_word' id='word_1_189' title='bbox 308 4023 410 4106; x_wconf 86' lang='lat' dir='ltr'><strong>(cuius</strong></span> <span class='ocrx_word' id='word_1_190' title='bbox 438 4019 570 4087; x_wconf 83' lang='lat' dir='ltr'><strong>textum&#39;</strong></span> <span class='ocrx_word' id='word_1_191' title='bbox 592 4043 742 4107; x_wconf 84' lang='lat' dir='ltr'><strong>graecum</strong></span> <span class='ocrx_word' id='word_1_192' title='bbox 766 4023 787 4086; x_wconf 79' lang='grc'>1</span> <span class='ocrx_word' id='word_1_193' title='bbox 813 4023 921 4089; x_wconf 86' lang='lat' dir='ltr'><strong>littera</strong></span> <span class='ocrx_word' id='word_1_194' title='bbox 947 4023 1086 4106; x_wconf 85' lang='lat' dir='ltr'><strong>notavi),</strong></span> <span class='ocrx_word' id='word_1_195' title='bbox 1120 4025 1153 4086; x_wconf 89' lang='lat' dir='ltr'><strong>et</strong></span> <span class='ocrx_word' id='word_1_196' title='bbox 1178 4019 1291 4086; x_wconf 77' lang='lat' dir='ltr'><strong>lodoci</strong></span> 
     </span>
    </p>
   </div>
   <div class='ocr_carea' id='block_1_6' title="bbox 0 0 1550 4662">
    <p class='ocr_par' dir='ltr' id='par_1_6' title="bbox 0 0 1550 4662">
     <span class='ocr_line' id='line_1_26' title="bbox 0 0 1550 4662; baseline 0 4"><span class='ocrx_word' id='word_1_197' title='bbox 0 0 1550 4662; x_wconf 95' lang='lat' dir='ltr'><strong> </strong></span> 
     </span>
    </p>
   </div>
  </div>
 </body>
</html>
