3078 4654
590 340 803 404 ..gg-

125 533 256 610 χιονεοῖο
281 530 414 604 Aona,
439 526 567 608 χιονέοἴο
585 531 626 604 L;
652 530 846 608 λοεοαοῃιιενος
864 531 912 604 Μ;
940 563 971 574 -
1001 527 1068 592 aba
1093 525 1189 611 ὤχετο
1208 533 1254 606 Μ;

127 624 168 683 ὑπ
179 625 227 697 Μ;
248 623 374 702 λχνεασιν
386 623 429 695 Μ,
450 620 574 702 ἴχνεσσιν
587 625 746 697 NPQSW
766 643 798 696 ο;
819 643 899 703 ιχνος
917 625 965 698 Μ;
985 623 1106 702 ἐρειδοιν
1119 626 1161 698 Μ,
1181 621 1255 702 ἐρεί-

128 717 190 776 δων
210 717 329 778 Bekker
349 723 378 774 et
398 723 466 790 post
485 731 550 775 eum
571 716 646 787 add..
670 714 789 793 ἐρείσας
808 719 870 778 rell.
891 717 974 778 codd.
996 723 1027 779 et
1047 718 1112 780 edd.
1134 750 1170 762 ·-
1193 715 1255 778 888

124 832 168 889 μη
187 812 234 883 Μ;
255 809 420 887 ἱμερόεντες
432 809 475 882 M,
495 808 567 886 ὶρερ.
581 810 617 882 Δ,
637 807 717 888 ἧμερ.
737 817 806 869 aute
826 827 899 869 corr.
922 811 967 883 C.;
985 808 1193 890 ὑπανχρόντοιο
1212 811 1254 880 Μ.

127 902 174 962 ὑπ’
188 901 346 983 ἀχρόντοιο
359 901 487 974 AGLN,
507 902 531 960 Ρ
546 902 577 959 in
595 908 685 976 textu,
707 903 779 975 ΟΒ,
802 908 833 961 ei
846 903 883 962 W
896 903 927 960 in
940 909 1031 976 textu,
1051 899 1256 982 όποχραίνοντο

103 1011 107 1018 ’
127 997 165 1070 S,
187 998 210 1056 Ρ
230 999 260 1055 in
279 1013 418 1069 marga
439 1011 476 1053 m.
498 1002 530 1068 2,
552 995 590 1054 W
608 996 639 1054 iu
661 1012 752 1068 marg,
774 1012 800 1054 a.
821 1013 857 1054 m.
881 1003 911 1069 1,
937 1002 968 1056 et
992 996 1057 1056 edu.
1079 1013 1194 1066 omnes,
1220 1013 1256 1057 ex

129 1092 299 1150 coniectura
324 1106 394 1148 sanc
419 1090 647 1162 speciosissima3
676 1089 745 1148 »sed
766 1106 853 1161 quum
879 1089 979 1164 scripti
999 1090 1066 1148 libri
1086 1106 1185 1151 omnes
1205 1089 1255 1148 bs·

127 1183 220 1241 beant
244 1179 287 1238 ὑπ’
313 1180 469 1259 ἀχρόντοιο
496 1179 719 1260 (ὑπανχρόντοιο
739 1182 826 1252 Mur.)
854 1180 1070 1260 ὑποχραίνοιντο
1096 1187 1192 1240 autem
1219 1197 1255 1242 ex

128 1276 192 1335 solo
219 1275 286 1348 [it]
306 1274 412 1334 Aldiuo
439 1276 596 1348 exemplari
621 1275 651 1332 in
676 1274 817 1334 editiones
838 1277 951 1334 venerit
971 1275 1095 1347 indeque
1116 1275 1203 1334 etiam
1223 1276 1254 1332 in

129 1368 260 1428 codicem
276 1367 438 1427 Gothannm
460 1368 510 1442 [ex
530 1384 586 1441 quo
612 1367 684 1425 nihil
704 1368 881 1427 aPassowio
900 1371 1058 1442 enotatum]
1084 1383 1168 1440 quem
1189 1367 1253 1426 aliis

127 1477 245 1533 quoque
262 1460 375 1518 iudiciis
389 1461 518 1518 intellexi
532 1477 567 1518 ex
582 1459 660 1518 edito
675 1460 799 1531 quodam
815 1461 973 1534 exemplari
987 1461 1163 1533 descriptum
1178 1475 1252 1534 asse,

130 1555 281 1627 aliquanto
303 1558 348 1612 est
368 1554 551 1612 verisimilius
570 1553 642 1612 illud
663 1569 727 1611 esse
746 1569 855 1622 verum,
876 1553 928 1613 sed
944 1555 1049 1613 lacuna
1062 1554 1155 1614 locum
1169 1553 1252 1614 vitle-

129 1653 191 1706 tum
213 1663 286 1717 esse,
307 1652 340 1706 ut
359 1646 446 1705 scribi
465 1651 609 1720 praestet:
662 1723 666 1730 ἡ

281 1788 321 1869 μὴ
340 1790 429 1856 πόδες
448 1791 612 1868 ἱμερόεντες
632 1789 674 1851 ὑπ’
695 1791 851 1871 ἀχρόντοιο
872 1793 1019 1874 [χιτῶνος]

285 1926 819 1943 ............
879 1886 1001 1964 sorbo«
1052 1886 1253 1949 Schneider

128 2041 159 2095 p.
181 2030 246 2095 412,
273 2024 320 2082 cui
344 2023 497 2082 obsecutus
523 2039 593 2083 sum.
620 2053 657 2065 -
685 2022 781 2101 κονίῃς
799 2022 864 2094 PS;
888 2023 1067 2096 genetivum,
1093 2024 1139 2082 cui
1159 2023 1253 2084 Iullen

129 2118 161 2174 in
181 2117 386 2176 commentario
407 2116 534 2175 dativum
549 2116 628 2195 κονίῃ
641 2115 819 2175 substituere
833 2115 958 2189 volebat,
980 2115 1138 2176 Schneider
1151 2135 1181 2191 p.
1196 2123 1252 2177 412

130 2211 223 2269 tuitus
244 2214 290 2267 est
309 2210 422 2268 cedatis
438 2210 522 2269 Hom.
544 2209 597 2268 Od.
616 2216 661 2277 18,
678 2216 712 2267 21
732 2207 835 2288 χείλεα
854 2205 958 2286 φύρσω
979 2208 1107 2287 αἵματος,
1129 2209 1251 2285 Oppien.

128 2303 195 2362 Hal.
216 2312 242 2377 5,
264 2305 318 2362 277
339 2301 429 2379 πόρος
450 2300 567 2380 λόιλροιο
587 2300 735 2381 πέφορται,
757 2303 788 2360 id
803 2310 829 2376 5,
851 2310 905 2364 269
928 2299 1044 2380 λόόροιο
1065 2299 1250 2382 φορόσσεται.

129 2429 166 2439 -
189 2395 252 2455 234
269 2417 310 2474 μη
329 2397 376 2469 Μ;
402 2415 532 2474 κονεῃσιν
551 2396 598 2468 Μ,
619 2394 749 2476 κυνέῃσιν
768 2388 901 2469 Bekker,
927 2395 1065 2476 κονέῃόεν
1084 2397 1147 2458 rell.
1169 2396 1251 2458 codd.

129 2494 161 2550 et
175 2490 240 2549 edd.
256 2496 324 2549 ante
337 2490 512 2561 Bekkernm,
533 2489 650 2566 χαίῃθεν
664 2491 737 2550 ceni.
767 2490 960 2563 Dausqneius‚
980 2488 1114 2570 κονέῃφιν
1135 2489 1252 2564 scripsit

129 2584 225 2642 Iulien
240 2590 271 2642 et
283 2585 396 2657 recepit
413 2584 514 2656 Lebra
535 2600 599 2642 eum
613 2585 760 2643 Hermann
779 2602 808 2659 p.
825 2591 859 2644 18
881 2587 1060 2643 mactasset:
1084 2581 1251 2644 »Bakkerus

129 2677 234 2736 e'cod.
260 2678 334 2738 Mut.
365 2679 468 2751 opinor
497 2678 579 2738 dedit
604 2676 742 2757 κυνέῃσιν.
785 2677 912 2736 Iulianus
938 2691 973 2736 ex
1004 2675 1171 2736 coniectura
1195 2691 1250 2738 non

124 2771 203 2829 mule
224 2769 367 2851 κονέῃριν.
400 2773 529 2844 Vulgata
549 2769 687 2849 κονίῃλεν
707 2772 733 2829 si
752 2785 821 2830 vera
841 2775 896 2843 ast,
916 2769 1115 2844 coniungenda
1129 2774 1174 2830 est
1187 2783 1251 2830 oum

127 2861 355 2922 dementiores«
388 2861 521 2944 κονέῃφιν
541 2864 714 2938 improbavit
730 2864 889 2924 Schneider
909 2881 937 2938 p.
951 2871 1017 2940 412,
1039 2879 1122 2924 »nam
1142 2861 1251 2924 iormae

94 2993 96 2996 -
129 2959 161 3015 in
181 2977 215 3034 φι
235 2965 373 3018 exeuntes
398 2965 432 3018 ut
450 2959 528 3032 apud
548 2959 724 3019 recentiores
749 2965 851 3032 poetas
872 2959 1037 3019 rarissimae
1057 2963 1132 3032 sunt,
1153 2957 1195 3017 ita
1214 2955 1250 3018 eb

127 3051 224 3110 Nonni
245 3053 350 3124 quique
372 3069 436 3111 eum
457 3052 654 3124 sequebantur
672 3069 727 3111 usu
746 3054 832 3126 plane
853 3056 921 3112 sunt
940 3051 1062 3112 alienae.
1094 3049 1129 3111 ci.
1150 3049 1250 3112 Lebrs.

130 3149 244 3216 quaest.
266 3161 311 3219 ep.
331 3162 360 3218 p·
382 3153 438 3204 306
449 3160 508 3216 seq.
529 3145 701 3217 praestabat
720 3145 817 3204 dicero
839 3144 1002 3205 collutbum
1022 3145 1107 3206 metri
1128 3143 1251 3205 necessi·

128 3242 191 3296 tate
212 3243 343 3296 coactum
364 3238 506 3311 pluralem
525 3237 658 3312 posuisse
677 3255 731 3312 pro
751 3239 904 3312 singulari,
929 3242 961 3296 ut
985 3235 1055 3297 fecit
1074 3253 1100 3296 v.
1125 3243 1177 3297 tea
1198 3233 1249 3296 κό-

122 3350 199 3408 ρῃνα
211 3347 315 3390 vocam
326 3331 402 3390 Iovis
413 3339 528 3404 caput«
542 3365 575 3374 -
588 3330 787 3406 επιβρίααντες
792 3331 833 3405 Μ,
845 3327 1046 3408 ἐπιβρίσαντες
1055 3329 1214 3404 AOLNQR
1224 3331 1250 3405 λ,

128 3424 302 3498 Stephanus,
323 3425 451 3495 Lectius,
471 3425 577 3484 Portos
598 3431 629 3484 et
648 3423 714 3483 add.
734 3423 801 3484 inde
822 3440 841 3484 a
860 3423 1019 3499 Lenneplo,
1043 3417 1250 3501 λπιβρόοανιις

126 3517 254 3577 Psvw
275 3523 306 3577 et
326 3518 392 3577 edd.
413 3524 481 3578 ante
495 3518 594 3593 steph.
610 3517 735 3578 Caetera
748 3519 832 3578 boios
845 3518 1049 3592 sequentisque
1063 3531 1163 3578 versus
1177 3516 1250 3579 haec

127 3617 172 3670 est
183 3612 267 3669 varia
276 3613 376 3672 lectio:
388 3607 556 3690 ἐθεζοαςΜ,
567 3611 693 3686 Bolskan,
704 3613 806 3686 Iulien,
816 3613 919 3687 Labra,
929 3606 1041 3690 ἔθειραι
1050 3611 1114 3674 rell.
1125 3609 1209 3674 codd.
1221 3615 1252 3674 et

128 3705 193 3764 edd.
214 3712 283 3765 ante
297 3706 435 3780 Lennep,
457 3708 506 3779 qui
520 3706 680 3779 Dansqneii
700 3706 894 3766 coniecturam
908 3701 1040 3782 λθιίροιις
1053 3705 1165 3782 recepit
1185 3719 1251 3768 suta¹

128 3799 215 3858 dente
235 3801 323 3858 etiam
344 3800 495 3860 Dorvillio.
517 3833 551 3842 -
573 3795 901 3874 maestosuocuo
915 3795 953 3872 (i)
974 3803 1042 3859 aute
1062 3813 1148 3872 cora,
1167 3796 1251 3858 ναιό-

127 3891 227 3950 δοντον
236 3895 264 3951 A
277 3898 433 3966 postcorr.
447 3891 630 3952 ἀνοοτέλοιιν
641 3893 684 3967 ll,
698 3889 899 3951 ἀναστέλλοιεν
913 3891 979 3952 edd.
996 3889 1062 3952 lade
1077 3889 1249 3964 obeliero,

127 3983 332 4060 excuviliaco,
353 3994 387 4045 nt
406 3989 479 4048 coni.
519 3987 717 4060 Demqueiua
738 3985 896 4048 APSRW
916 3985 1044 4062 Lennep.
1065 3985 1179 4046 lierles.
1205 3979 1250 4044 λα’

127 4079 285 4138 ἀντέλλοιεν
297 4079 398 4154 GLN,
407 4077 591 4140 ἐποντέλοιεν
602 4081 667 4155 Qv,
680 4077 890 4140 όπαντιτίλοιιν
900 4077 967 4140 edd.
978 4085 1046 4142 ante
1057 4079 1200 4154 Lonnept
1217 4107 1248 4120 ·-
