3078 4654
606 378 659 425 ..y
693 345 730 404 71
776 380 819 389 ..

145 544 236 598 corr.;
268 523 360 603 κακήν
385 546 412 582 π.
435 524 569 604 γενέθλην
594 529 657 586 rell.
683 528 768 589 codd.
791 562 825 572 -
851 530 933 588 Nihil
958 532 1013 591 hoc
1037 548 1122 590 versu
1146 532 1275 604 putidius

145 620 216 693 fingi
238 637 323 693 posse
342 621 488 680 Hermann
510 621 684 680 contendens
705 639 732 695 p.
749 630 784 681 16
805 621 958 700 φοιταλέην
978 621 1112 699 πολέμοιο
1133 643 1275 681 κοικοπτο-

152 713 250 790 λέμοιο
272 712 407 791 γενέθλην
428 715 516 773 scribi
535 715 628 788 iussit,
649 715 725 788 quod
745 720 843 774 tamen
863 733 919 776 non
932 719 1044 791 recepit
1057 717 1160 790 Lehrs,
1180 733 1275 790 neque

146 808 306 866 Schneider
329 809 477 882 probavit,
510 809 559 879 qui
582 808 655 866 haec
679 826 708 881 p.
727 810 792 866 437.
819 815 889 868 438:
922 810 993 868 »sed
1014 810 1121 868 vellem
1152 810 1274 868 dixisset

150 902 317 976 [Hermann]
340 903 369 958 in
389 903 433 959 his
455 903 523 974 quid
544 899 679 978 γενέθλην
704 901 888 974 significaret.
919 918 984 960 narn
1005 903 1030 960 si
1051 903 1275 974 genetricem

147 997 209 1054 sive
230 1002 348 1054 ortum
369 1011 557 1054 causamve
578 993 739 1068 significare
761 996 864 1068 voluit,
890 1001 922 1053 ut
942 995 1057 1052 videtur
1082 995 1206 1055 voluisse
1227 1012 1275 1054 vo·

147 1090 324 1161 lueruntque
347 1089 473 1148 colluthi
498 1089 673 1161 interpretes
695 1093 724 1146 et
744 1088 912 1161 Spitanerns
932 1089 1053 1146 Excurs.
1069 1088 1112 1146 IX
1132 1089 1169 1146 ad
1189 1087 1272 1146 Iliad.

143 1199 174 1254 p.
189 1183 270 1251 XIV,
292 1199 356 1240 eam
376 1184 443 1241 huic
462 1184 525 1242 voci
546 1181 783 1254 significationem
798 1181 940 1254 attribuit,
962 1197 1036 1254 quae
1052 1188 1081 1240 et
1096 1182 1132 1239 ah
1145 1182 1272 1252 reliquo-

145 1293 211 1334 rum
232 1294 286 1335 usu
305 1281 456 1350 poetarum
478 1275 540 1347 (cir.
562 1276 650 1349 Spita.
665 1277 684 1332 l.
699 1275 730 1346 l.)
752 1282 781 1332 et
803 1291 870 1334 vero
884 1291 902 1332 a
917 1275 1044 1334 Oolluthi
1064 1274 1271 1333 consuetudine

145 1370 233 1442 plane
261 1370 428 1429 abhorreat:
455 1368 491 1428 cf.
512 1387 536 1429 v.
554 1377 579 1429 1.
601 1377 645 1429 20.
668 1377 731 1429 250.
754 1376 818 1429 268.
840 1376 904 1428 281.
933 1375 997 1427 299.
1025 1375 1089 1427 353.
1117 1375 1183 1428 381.
1214 1369 1274 1428 vul-

146 1480 247 1538 garem
268 1471 365 1524 autem
387 1481 496 1536 usuque
517 1465 615 1522 tritam
636 1462 882 1534 significationem,
903 1478 989 1533 quum
1010 1461 1056 1519 hio
1070 1462 1146 1518 tueri
1166 1477 1273 1532 neque·

147 1574 239 1629 amus,
260 1559 335 1616 hanc
348 1557 444 1630 potius
459 1573 566 1627 vocem,
587 1573 672 1628 quam
687 1572 758 1627 quas
772 1557 953 1615 Hermaunus
968 1556 1093 1613 correxit
1107 1561 1274 1628 corruptam

146 1650 323 1724 putabimus.
355 1666 389 1708 ao
410 1651 484 1708 viam
504 1655 645 1708 monstrat
666 1650 837 1708 emendandi
849 1651 919 1722 'ipse
941 1649 1105 1722 colluthus,
1126 1649 1175 1720 qui
1196 1665 1221 1708 v.
1237 1655 1273 1708 62

146 1747 254 1805 malum
275 1746 353 1804 istud
379 1745 508 1818 appellat
530 1741 627 1819 μόθου
651 1743 856 1822 πρωτόσπορον
883 1741 984 1823 ἀργήν.
1014 1760 1080 1801 nam
1100 1750 1133 1802 ut
1152 1742 1274 1819 φυταλίη

144 1841 250 1900 alludit
270 1839 307 1898 ad
327 1838 533 1916 πρωτόσπορον
553 1840 639 1913 illud,
660 1841 702 1898 ita
722 1858 775 1914 pro
798 1838 917 1917 γενέθλη
939 1845 1124 1914 expectamus
1145 1839 1273 1920 aliquam

145 1951 246 1994 vocem
269 1951 343 2007 quae
364 1933 455 2013 ἀργήν
476 1935 628 2008 significet.
661 1951 723 1992 eam
745 1941 841 1992 autem
862 1935 931 1991 mihi
945 1934 1060 2005 quidem
1076 1930 1275 2004 suppeditavit

143 2030 264 2088 Nomius
291 2029 375 2086 Dion.
397 2036 448 2101 29,
474 2036 530 2088 324
556 2027 715 2104 ι’νδοφόνυιυ
746 2027 907 2102 θεμείλια
939 2025 1139 2103 δηιοτῆτος.
1167 2024 1205 2081 id.
1226 2030 1273 2094 40,

144 2129 202 2180 254
223 2118 386 2198 ἑπταέτηρα
407 2120 570 2195 θεμείλια
590 2120 779 2198 δηιοτῆτος
800 2126 829 2178 et
849 2128 901 2193 43,
922 2128 939 2178 3
959 2117 1129 2195 πολέμοιο
1152 2113 1274 2193 θεμεί-

145 2217 203 2274 λια
223 2216 308 2295 πήξεν
325 2212 422 2275 Ἐνυώ.
454 2234 537 2288 quem
559 2222 674 2275 secutus
694 2215 772 2273 haud
792 2221 961 2274 cunctanter
974 2213 1115 2272 rescribo:
1136 2207 1273 2289 φυταλιὴν

144 2307 289 2387 πυλέρυιυ,
312 2311 424 2368 κακοῦ
442 2309 575 2386 πολέμοιο
591 2308 785 2386 dapsilior,
807 2310 851 2366 cui
865 2310 962 2367 versui
976 2309 1001 2366 si
1015 2307 1084 2379 quid
1097 2299 1274 2365 iudicabitur

148 2406 245 2462 inesse
266 2405 370 2478 putidi,
391 2405 573 2462 iudicandum
596 2411 640 2462 est
661 2405 748 2462 etiam
769 2405 863 2462 inesse
885 2404 941 2461 illis
953 2402 1050 2478 μόθου
1064 2399 1272 2477 πρωτόσπορον
1318 2443 1321 2448 .

145 2494 238 2575 ὀργήν
259 2499 381 2571 aliisque
402 2500 542 2571 plurimis,
562 2499 592 2557 in
613 2498 715 2570 quibus
734 2499 844 2570 placuit
858 2498 913 2555 sibi
926 2497 1074 2555 luxurians
1087 2496 1183 2554 Nonni
1198 2495 1273 2552 eius-

146 2607 202 2662 que
237 2594 413 2650 asseclarnm
447 2593 601 2664 ingenium.
642 2597 769 2650 ceterum
799 2592 823 2648 si
854 2592 917 2662 quis
946 2595 1098 2662 praestare
1127 2590 1275 2662 putaverit

147 2682 287 2762 φυταλιὴν
301 2683 436 2761 πολέμοιο
451 2684 576 2763 κακήν,
598 2683 732 2760 πολέμοιο
753 2681 944 2758 θέρεθλυν,
965 2685 989 2742 is
1004 2683 1203 2741 admonendus
1218 2683 1274 2740 erit

145 2781 242 2852 legem
264 2796 327 2838 esse
348 2781 522 2839 rhetoricam
544 2787 575 2838 ut
588 2781 694 2838 iterato
709 2780 815 2838 nomini
829 2779 1029 2852 praedicatum
1044 2778 1196 2849 adiciatur,
1217 2791 1273 2848 quo

147 2891 200 2932 cur
220 2875 344 2932 iteretur
364 2881 506 2946 appareat
527 2874 694 2943 (Hermann.
716 2873 753 2930 ad
767 2873 877 2931 Mosch.
892 2891 920 2945 p.
937 2877 1003 2944 bol«
1027 2871 1194 2930 Schneideri
1208 2866 1274 2930 con·

146 2971 297 3040 iecturam,
319 2976 351 3026 ut
370 2984 426 3041 par
446 2972 519 3034 erat,
539 2969 644 3040 recepi.
659 3001 696 3010 -
718 2965 776 3026 170
798 2966 831 3023 δε
842 2966 931 3044 ρηλον
945 2985 1055 3048 εγουσα
1069 2984 1155 3043 τοοην
1170 2982 1274 3022 ανενει-

146 3117 221 3153 κατυ
236 3096 282 3167 Μ;
303 3095 411 3172 τόσσην
430 3095 578 3154 AGLNP
598 3095 673 3168 ald,
695 3059 781 3174 τόσην
799 3096 833 3168 S,
854 3093 940 3173 τόσην
961 3097 1049 3154 etiam
1069 3095 1107 3166 Q,
1130 3093 1182 3152 sed
1201 3110 1222 3149 σ
1239 3109 1275 3151 ex

148 3196 316 3250 correctura
337 3194 383 3246 est
403 3206 420 3247 a
442 3190 603 3260 glossatore
623 3189 763 3263 prolecta.
781 3223 813 3232 —-
837 3186 994 3266 ἀνενήκατο
1014 3195 1081 3262 post
1095 3204 1167 3247 corr.
1183 3188 1222 3258 o;
1236 3217 1274 3226 -

146 3282 200 3343 1⁷1
223 3280 276 3361 ήρη
303 3301 504 3358 κερτομέουσα
524 3289 554 3340 et
574 3283 751 3360 αντιάνειραν
771 3285 818 3356 Μ;
848 3317 878 3324 -
906 3282 965 3342 172
987 3281 1086 3351 ειξατέ
1103 3282 1150 3355 M,
1176 3279 1272 3347 εἴξατυ

144 3385 213 3438 ante
240 3393 312 3436 corr.
335 3375 371 3448 O,
399 3375 495 3443 εἴξατε
516 3379 556 3449 Q3
582 3377 707 3459 scalpro
731 3398 780 3452 μοι
798 3379 839 3450 V3
864 3376 998 3453 πολεμυιο
1024 3378 1068 3448 Μ,
1096 3373 1212 3450 πολέμοι
1233 3374 1272 3445 V;

144 3468 290 3548 συνήθεος
309 3471 350 3541 Μ,
373 3469 513 3548 συνήθεες
533 3471 615 3530 codd.
637 3473 708 3532 dett.
732 3479 761 3531 et
782 3472 847 3530 edd.
869 3487 976 3544 omnes,
997 3472 1044 3529 vix
1064 3475 1151 3528 recte.
1191 3466 1274 3526 πολέ-

142 3587 209 3640 μοιο
225 3563 367 3642 συνήθεες
380 3565 552 3638 aprioribus
567 3567 774 3639 interpretibus
790 3566 896 3624 bellis
912 3563 1151 3623 adsuefactos
1166 3553 1292 3635 [bello

145 3656 380 3718 adsuefactos
402 3659 488 3716 etiam
508 3659 621 3732 Lchrs]
641 3677 755 3717 versum
776 3676 841 3718 esse
862 3659 1038 3733 vituperavit
1051 3659 1144 3716 Iulien
1163 3665 1274 3736 p.103,

144 3767 209 3810 curn
231 3752 278 3808 vix
297 3757 377 3808 recte
398 3751 482 3809 bellis
503 3751 672 3810 adsuefacta
692 3753 789 3812 vocari
809 3755 902 3825 possit
921 3754 1007 3825 Iuno,
1029 3769 1103 3824 quae
1123 3751 1208 3812 modo
1232 3751 1274 3808 ita

147 3861 245 3904 amare
267 3845 296 3902 in
316 3846 423 3904 bellurn
446 3853 475 3904 et
495 3846 651 3905 bellatores
673 3847 787 3906 invecta
808 3854 879 3905 erat.
912 3847 970 3905 Sed
991 3847 1067 3918 quod
1088 3847 1179 3906 Iulien
1201 3845 1274 3905 alios

150 3945 267 3997 secutus
288 3937 411 4014 πόλεμον
432 3940 569 3999 hocloco
589 3942 676 3998 trium
698 3941 817 3999 dearum
838 3945 984 3999 certamen
999 3940 1162 4014 significare
1176 3938 1274 4008 voluit,

145 4034 191 4090 vel
212 4029 353 4110 συνήθεες
373 4032 504 4092 absolute
524 4035 594 4106 poni
619 4040 649 4092 et
675 4034 809 4110 πολέμοιο
834 4051 927 4106 aeque
954 4051 988 4093 ac
1014 4033 1092 4112 νίκης
1117 4035 1154 4092 ad
1179 4029 1274 4099 εἴξατε
