3078 4654
714 304 926 366 ...76-

259 487 406 558 convenit3
434 503 527 559 neque
547 487 706 558 terendum,
728 489 805 560 quod
825 488 948 548 coniecit
968 487 1096 562 Lennep.
1117 483 1233 559 ἐκεῖναι,
1255 489 1332 559 quia
1354 488 1401 546 sic

260 599 284 638 v.
302 588 356 640 188
377 595 490 638 sensum
504 597 561 640 non
576 581 673 640 babet.
706 583 806 653 ltaque
821 582 935 640 omnino
955 597 1054 640 verum
1075 586 1120 638 est
1134 577 1256 654 Ἀθῆναι,
1276 597 1343 639 non
1358 581 1398 638 de

260 673 401 730 Minervis
426 673 570 746 pluribus,
596 675 672 746 qnod
696 676 725 732 in
745 674 800 733 hac
820 674 857 733 ad
877 675 1038 732 Minervam
1058 675 1189 733 oratione
1210 675 1398 733 absurdissi-

260 781 336 824 mum
359 767 428 834 (etsi
446 767 601 839 aliquando
623 769 762 826 eiusmodi
787 769 902 828 nomina
926 770 1046 840 propria
1071 769 1177 840 plurali
1201 785 1328 827 numero
1352 767 1398 824 di-

260 864 390 930 cuntur),
421 860 472 919 sed
498 860 534 918 de
560 862 649 919 urbe
675 861 904 920 Athenarum.
948 861 1025 920 Urbs
1050 868 1146 920 autem
1178 878 1242 920 cnm
1270 863 1397 932 dicitur,

260 953 460 1024 intelliguntur
480 953 600 1013 incolae.
635 955 758 1014 vellicat
770 955 869 1026 itaque
883 955 1043 1012 Minervam
1063 955 1159 1013 Venus
1179 957 1231 1028 ita,
1251 961 1286 1013 ut
1300 955 1398 1012 Athe

259 1046 383 1118 nienses,
405 1046 512 1118 quibus
532 1049 582 1105 illa
603 1049 741 1121 superbit,
762 1053 908 1119 tamquam
928 1049 1056 1107 homines
1074 1049 1205 1108 imbelles
1221 1054 1251 1107 et
1264 1051 1395 1121 ignavos

259 1139 362 1198 rideat
393 1140 445 1206 Τιι,
466 1141 568 1213 inquit,
588 1139 671 1200 fortis
692 1147 723 1198 et
744 1142 847 1199 victrix
867 1141 959 1199 videri
973 1143 1069 1214 cupis3
1089 1149 1119 1200 at
1138 1158 1233 1214 neque
1251 1148 1285 1200 tu
1300 1141 1392 1200 fortis

261 1247 292 1290 es
313 1248 406 1304 neque
426 1238 477 1291 tua
498 1235 549 1290 illa
572 1235 640 1293 urbs
661 1236 775 1307 inclyta.
816 1235 857 1293 Et
876 1236 944 1307 quia
969 1236 1048 1293 urbis
1074 1252 1176 1294 nomen
1202 1237 1317 1309 plurale
1347 1241 1397 1292 est

262 1331 292 1383 et
307 1325 501 1399 foemininum,
514 1323 633 1406 Ἀθῆναι,
648 1329 673 1387 si
686 1345 838 1402 personam
853 1329 984 1400 induunt,
997 1329 1132 1386 mulieres
1145 1329 1239 1386 videri
1252 1333 1397 1402 possunt;

261 1423 292 1476 at
311 1435 368 1479 non
394 1428 460 1480 sunt
486 1438 573 1480 verae
599 1424 747 1482 mulieres!
782 1422 850 1494 quid
875 1422 984 1494 igitur?
1014 1423 1129 1480 mares?
1160 1437 1255 1494 nequa
1281 1437 1394 1490 mares,

260 1528 355 1584 neque
376 1511 526 1587 foeminae,
548 1517 604 1573 etsi
624 1516 757 1574 membris
779 1532 796 1573 a
816 1523 921 1574 natura
940 1515 969 1572 in
990 1520 1142 1585 utrumque
1163 1529 1263 1572 sexum
1286 1514 1394 1572 distin·

262 1612 388 1677 guantur
401 1608 601 1668 Athenienses.
635 1610 738 1668 Totum
753 1617 797 1670 cst
810 1611 905 1670 Nonni
919 1625 1047 1681 acumen,
1068 1609 1117 1680 qui
1131 1609 1203 1666 illud
1217 1607 1395 1684 κεκριμένοι

260 1699 355 1757 multis
381 1700 473 1759 modis
499 1704 648 1774 usurpavit
672 1703 701 1760 in
732 1703 941 1775 Dionysiacis«.
988 1702 1079 1760 Recte
1104 1717 1173 1759 sane
1199 1700 1394 1758 vehementer

259 1793 379 1850 miratus
406 1799 451 1852 est
470 1793 617 1852 Hermann
637 1812 665 1867 p.
687 1797 721 1854 lt
745 1797 839 1868 »quod
866 1794 980 1854 Graefio
1005 1779 1171 1854 acutissimo
1196 1795 1326 1866 leporum
1360 1800 1393 1852 et

260 1888 418 1945 venustatis
433 1887 550 1962 arbitro,
568 1884 678 1966 Ἀθῆναι
698 1905 755 1948 non
777 1889 939 1962 Minervae,
959 1889 1011 1947 sed
1032 1888 1099 1945 urbs
1120 1887 1298 1945 Athenarum
1321 1902 1391 1944 esse

260 1981 339 2038 visae
365 1987 458 2039 sunto.
487 2015 518 2024 -
548 1982 605 2041 188
627 1985 700 2040 τοῖαι
719 1984 752 2041 Μ
773 1990 803 2042 et
829 1983 894 2041 edd.
922 1982 989 2040 inde
1010 1997 1028 2039 a
1047 1981 1198 2049 Bellero,
1225 1981 1281 2038 nisi
1309 1979 1392 2052 quod

260 2075 435 2146 reliquorum
455 2075 585 2134 codicum
605 2082 636 2133 et
660 2077 804 2135 editorum
830 2077 982 2136 lectionem
1009 2073 1058 2131 xci
1084 2071 1117 2132 οὐ
1142 2075 1264 2132 retinuit
1283 2073 1388 2140 Iulian,

262 2167 390 2225 Bekkeri
411 2171 484 2224 τοῖαι
505 2169 670 2228 coniectura
685 2171 747 2227 sola
760 2171 814 2244 niti
828 2169 901 2228 falso
915 2178 1004 2227 ratus.
1035 2169 1203 2227 Lectionem
1218 2184 1236 2225 a
1249 2167 1388 2225 Belrlverc

260 2265 408 2332 receptam
432 2263 473 2319 sic
486 2263 574 2320 vertit
587 2261 694 2319 Lehrs:
724 2263 906 2336 »Ignorasna
927 2264 1004 2335 quod
1018 2264 1114 2336 potius
1128 2263 1302 2334 impotentes
1319 2266 1389 2317 sunt

262 2352 410 2411 Minervae
426 2355 507 2427 tales,
529 2355 664 2427 gloriosis
679 2372 710 2413 se
725 2356 902 2415 delectantes
917 2357 1039 2414 bellici«
1071 2355 1139 2413 Iure
1153 2355 1244 2426 igitur
1264 2354 1379 2410 mireris

260 2463 278 2504 a
299 2445 413 2506 Graefio
433 2465 461 2520 p.
477 2455 533 2507 248
554 2450 625 2507 talia
644 2449 731 2507 scribi
756 2451 898 2522 potuisse:
932 2451 1024 2505 »τοῖαι
1049 2449 1126 2520 quod
1147 2447 1215 2507 (lod.
1237 2447 1312 2504 Mut.
1333 2445 1385 2504 ob-

261 2540 337 2613 tulit,
359 2539 461 2614 fateor,
482 2559 527 2600 me
548 2560 604 2601 non
624 2543 802 2616 intelligere3
824 2541 872 2598 καὶ
892 2536 934 2614 οὔ,
958 2542 1034 2614 quod
1054 2542 1140 2614 vulgo
1155 2539 1306 2612 edebatur,
1326 2555 1387 2596 mc-

262 2636 342 2693 tricis
357 2637 517 2694 rationibus
533 2637 725 2694 damnandum
740 2643 794 2710 est,
816 2651 910 2707 neque
924 2636 1041 2706 negatio
1056 2640 1176 2707 propter
1191 2649 1250 2704 seq.
1265 2628 1387 2707 ἀγαλλό-

258 2748 350 2804 μεναι,
372 2731 442 2787 satis
463 2729 577 2788 videtur
597 2717 764 2802 probabilis.
799 2730 951 2800 Nunquam
973 2725 1026 2784 καί
1045 2733 1113 2785 ante
1134 2727 1262 2785 vocalem
1282 2725 1319 2782 ab
1339 2723 1386 2782 bis

263 2823 356 2894 poetis
377 2821 548 2893 productum
562 2822 716 2893 reperitur,
738 2827 770 2878 ut
783 2819 812 2877 id
827 2819 864 2877 ad
879 2818 1035 2892 Tryphiod.
1051 2836 1076 2875 v.
1093 2825 1147 2877 132
1161 2817 1385 2876 observavimus.

261 2915 377 2984 ltaque,
403 2914 458 2970 nisi
480 2913 550 2972 God.
570 2913 644 2970 Mut.
667 2916 750 2970 unice
771 2913 930 2972 audiendus
952 2919 1005 2985 est,
1025 2928 1124 2970 verum
1145 2911 1318 2969 censendum
1340 2915 1386 2966 est

261 3005 304 3077 id,
331 3006 406 3076 quod
427 3007 492 3078 pari
511 3007 717 3078 probabilitate
739 3011 768 3063 et
788 3007 817 3062 in
838 3005 887 3062 καὶ
907 3001 941 3062 οὔ
962 3007 1040 3064 etin
1061 3007 1135 3060 τοῖοι
1161 3004 1315 3076 depravari
1334 3019 1386 3075 po·

261 3099 325 3157 tuit.
365 3099 533 3171 Legendum
554 3101 652 3171 itaque
673 3099 801 3158 videtur:

434 3223 605 3301 ἀγνώσσεις,
627 3225 671 3283 ὅτι
689 3226 798 3302 μᾶλλον
818 3224 971 3290 ἀνάλκιδές
990 3225 1062 3283 εἰσιν
1081 3222 1196 3302 Ἀθῆναι,

433 3321 466 3378 εἰ
484 3321 542 3378 καὶ
562 3321 754 3396 κυδαλᾴιοισιν
774 3318 964 3397 ἀγαλλόμεναι
983 3316 1154 3391 πολέμοισιν,

261 3435 350 3493 licet
370 3433 626 3508 superbientes
647 3434 821 3506 gloriosis
835 3432 959 3500 bellis,
975 3430 1144 3488 imbelles
1157 3429 1278 3501 potius
1293 3434 1383 3485 sunt.

261 3527 301 3586 Et
320 3527 348 3584 εἰ
366 3527 424 3596 καὶ,
445 3534 477 3585 ut
497 3529 641 3601 corrumpi
661 3527 757 3599 potuit
783 3527 811 3582 in
838 3521 894 3580 οἷοι
915 3529 944 3580 et
964 3525 1051 3594 τοῖαι,
1078 3527 1216 3593 sequente
1242 3521 1383 3592 imprimis

262 3621 347 3677 simili
373 3622 482 3694 syllaba
510 3641 545 3677 κο
572 3620 640 3693 (vid.
661 3622 749 3679 talem
776 3634 903 3679 errorem
929 3615 960 3674 (l.
974 3616 1048 3673 Mut.
1075 3633 1100 3673 v.
1115 3616 1200 3686 397),
1225 3614 1267 3670 ita
1292 3620 1384 3671 trans-

261 3713 385 3785 positum
407 3713 454 3770 καὶ
474 3711 506 3770 εἴ
518 3713 604 3773 facile
625 3714 841 3786 depravandum
860 3715 924 3768 crat
936 3711 966 3766 in
987 3708 1035 3764 καὶ
1055 3703 1097 3781 οὔ,
1118 3714 1151 3765 ut
1171 3701 1204 3764 οὔ
1225 3713 1255 3764 et
1274 3702 1307 3762 εἴ
1320 3723 1385 3765 con·

262 3804 327 3864 fusa
347 3811 414 3863 sunt
434 3807 507 3866 intra
533 3825 558 3865 v.
574 3815 638 3866 300.
660 3808 708 3878 qui
735 3808 814 3865 locus
839 3807 932 3864 levem
958 3819 1021 3860 cum
1046 3808 1144 3861 nostro
1169 3799 1385 3860 similitudinem

263 3901 368 3973 spirat3
393 3901 459 3972 sed,
485 3902 562 3972 quod
583 3900 697 3972 dolosa,
725 3916 758 3958 eo
783 3915 839 3957 non
865 3896 1005 3966 integrior
1030 3896 1068 3953 ad
1093 3913 1145 3955 nos
1171 3893 1311 3966 pervenit.
1355 3891 1386 3950 Si

264 3994 400 4066 vulgatae
421 3990 613 4065 praeferenda
640 3998 684 4051 est
711 3991 868 4049 auctoritas
890 3987 960 4045 (lod.
974 3987 1059 4060 Mat,
1084 3987 1212 4071 proxime
1233 3985 1317 4044 offert
1338 4001 1386 4043 se:
