3078 4654
745 313 955 375 ..96-

292 498 367 572 quod
389 497 565 559 Schneidsro
586 513 699 570 quoque
720 497 861 558 euadente
884 500 991 572 recepi.
1023 497 1158 578 θαλερῶν
1177 500 1263 560 codd.
1290 502 1367 560 dett.
1393 509 1425 562 et

292 591 357 650 edd.
370 608 468 652 omnes
485 598 604 665 praeter
614 592 764 666 lulianum,
780 593 828 665 qui
839 593 978 652 Kustneri
994 609 1109 666 quoqne
1122 597 1285 654 versionem
1299 603 1424 654 secutus

294 683 418 760 θαλερόν
439 701 475 744 ex
487 685 519 743 Μ
538 686 660 758 recepit,
682 692 711 744 et
731 692 849 760 praeter
863 687 965 760 Lehrs,
986 689 1034 759 qui
1055 687 1132 760 quod
1145 689 1313 749 Hermanno
1334 707 1365 762 p.
1385 697 1421 750 19

290 780 321 836 in
346 779 453 839 codicis
473 781 648 840 Mutinensis
668 782 812 855 scriptura
836 782 929 840 latere
955 782 1045 839 visani
1067 787 1126 853 est,
1158 781 1292 857 θαλάμου
1313 785 1419 842 edidit.

293 871 376 932 »fort
398 872 530 950 θαλερῶν
550 873 717 932 mutandum
738 875 769 931 in
788 872 955 950 σταθερῶν,
981 879 1033 933 ant
1052 872 1200 951 θαλάμων,
1226 875 1261 934 cf.
1283 885 1340 937 252
1367 884 1421 937 aut

293 965 441 1040 σταθμῶν,
461 966 496 1026 ci.
516 967 636 1026 Theocr.
659 966 700 1024 ld.
721 967 817 1025 XXIV
841 973 884 1026 15.
914 965 1070 1040 Tryphiod.
1099 985 1123 1026 v.
1145 975 1216 1042 339,
1242 971 1298 1028 nisi
1323 973 1418 1030 tutius

290 1065 335 1118 est
362 1061 495 1133 recipere
524 1061 591 1118 leot.
620 1059 688 1119 Ood.
714 1059 787 1117 Mur.
814 1057 952 1132 θαλερόν,
984 1060 1039 1118 etei
1064 1061 1110 1117 vix
1135 1061 1347 1122 substantivum
1375 1066 1418 1123 sie

290 1153 479 1213 omittendum
500 1158 591 1212 erut«
634 1151 750 1211 Graes.
772 1169 799 1225 p.
822 1159 885 1211 254.
927 1153 1084 1211 Hermanni
1109 1152 1241 1231 θαλάμου
1267 1163 1348 1216 reete
1369 1175 1416 1216 re

289 1247 421 1319 pudiavit
442 1246 600 1306 Schneider
619 1263 647 1318 p.
669 1253 734 1305 426.
756 1247 825 1302 42λε
859 1261 941 1302 »nam
966 1251 1122 1317 penetrare
1148 1263 1240 1318 usque
1262 1249 1301 1308 ad
1321 1251 1416 1308 thala·

288 1357 365 1400 mum
385 1342 515 1400 Helenae
540 1341 624 1399 nimis
649 1338 826 1412 impudentis
852 1355 886 1397 ac
911 1340 1039 1412 protervi
1065 1336 1167 1398 luisset
1191 1342 1330 1415 hominis,
1357 1361 1415 1404 non

287 1433 411 1507 hospitis
438 1434 594 1494 verecundi
615 1439 645 1492 et
668 1434 804 1505 modesti,
833 1433 926 1504 qualis
953 1448 1027 1490 nunc
1052 1433 1168 1504 quidem
1195 1435 1324 1496 debebat
1349 1455 1414 1497 esse

288 1527 385 1599 Paris,
412 1544 496 1600 quem
524 1535 662 1600 parerat
687 1527 845 1585 consistere
866 1523 911 1581 ἐπὶ
934 1523 1092 1601 προθύροις
1112 1521 1203 1583 οὐδοῦ
1230 1524 1274 1584 ἐπ’
1300 1527 1415 1588 αὐλείου

290 1620 385 1694 (Hom.
408 1621 461 1680 0d.
484 1629 633 1692 1‚103sq.
654 1621 687 1677 ll.
707 1627 752 1690 11,
767 1621 915 1691 disquis
947 1617 1072 1696 θαλερόν
1093 1627 1189 1679 autem
1210 1639 1263 1693 pro
1284 1624 1416 1683 iuvene

290 1713 411 1784 aliquo
432 1713 538 1770 dictum
560 1713 673 1785 accepit
687 1711 844 1770 Schneider
863 1730 891 1785 p.
906 1715 970 1780 427,
992 1714 1122 1784 »qualem
1137 1713 1280 1774 Homerus
1296 1717 1415 1787 quidem

288 1808 419 1880 appellat
440 1805 564 1884 θαλερὸν
583 1805 679 1882 αἰζηύν
700 1806 745 1862 vel
766 1803 889 1882 θαλερὸν
910 1803 1008 1882 ἠίθεον
1028 1807 1073 1876 ill.
1096 1813 1123 1878 3,
1144 1813 1189 1866 26.
1214 1814 1257 1880 10,
1278 1815 1344 1867 259.
1367 1816 1415 1878 11,

234 1957 245 1972 „
286 1907 352 1960 414.
375 1907 420 1974 14,
434 1908 460 1959 4.
485 1905 529 1973 17,
544 1907 608 1960 282.
629 1907 655 1972 4,
675 1902 752 1969 474),
779 1897 831 1956 sed
851 1899 932 1956 licuit
947 1898 1089 1971 Collutho,
1110 1900 1263 1971 quodiam
1286 1902 1412 1964 Alexan-

286 1995 377 2053 drinis
398 1997 492 2068 poetis
517 1996 605 2053 moris
630 1993 719 2052 fuisse
744 1992 887 2063 videmus,
912 1998 946 2051 ut
972 1995 1046 2063 quae
1067 1993 1210 2052 Homerus
1236 1995 1345 2068 aliique
1365 2013 1414 2054 ve·

287 2089 425 2147 iustiores
454 2093 560 2162 poetae
589 2103 645 2145 nou
672 2089 882 2157 usurpaverant
907 2085 1047 2144 vocabula
1074 2087 1127 2143 nisi
1158 2083 1333 2153 ἐπιθετικῶς
1359 2089 1411 2147 ad·
1527 2103 1528 2110 ¹

284 2182 418 2253 iectoque
438 2182 625 2254 substantivo,
648 2197 682 2238 ea
703 2187 735 2237 ut
754 2180 859 2238 omisso
875 2179 1054 2238 substantivo
1075 2197 1128 2252 per
1148 2197 1179 2238 se
1199 2190 1343 2253 ponerent
1362 2200 1412 2240 ea·

287 2273 351 2332 dem
378 2277 407 2332 vi
432 2282 519 2346 atque
544 2272 778 2346 significatione«
822 2271 904 2344 Quod
930 2272 1089 2331 Schneider
1112 2275 1243 2346 plurimis
1271 2277 1410 2349 exemplis

285 2367 322 2424 ad
343 2367 370 2425 b.
392 2368 410 2423 l.
431 2368 595 2426 illustravit.
636 2365 743 2425 Contra
771 2365 913 2424 Teurnier
937 2383 965 2438 p.
986 2374 1032 2438 32,
1058 2367 1106 2439 qui
1131 2384 1232 2440 pamm
1258 2369 1411 2448 probabile

285 2475 349 2518 esse
370 2465 455 2532 putat
474 2477 598 2532 unquam
620 2458 744 2536 θαλερόν
768 2475 821 2532 pro
847 2457 972 2534 θαλερὸν
993 2456 1089 2536 αῖζηόν
1109 2460 1217 2519 dictum
1239 2479 1319 2534 esse,
1345 2479 1409 2521 cum

287 2552 459 2612 adiectivum
486 2550 613 2625 θολερός
637 2567 726 2623 saepe
753 2552 839 2609 etiarn
865 2551 930 2608 aliis
955 2560 1073 2623 praeter
1098 2551 1197 2628 αλζηός
1221 2554 1412 2612 substantivis

284 2647 415 2706 additum
434 2647 608 2720 reperietur,
628 2646 721 2704 locum
743 2645 785 2703 sic
805 2643 1014 2702 emendandum
1035 2661 1098 2704 esse
1119 2647 1236 2704 suadet:

384 2748 432 2806 καὶ
452 2746 640 2825 φθονερῶν
667 2749 721 2819 (sic
744 2747 841 2819 potius
868 2762 953 2817 quam
980 2745 1097 2821 θαμινόν
1122 2749 1167 2806 vel
1188 2746 1320 2824 θολερόν)
1340 2768 1407 2825 που·

736 2838 858 2916 πάροιθε
879 2834 1113 2896 διοπτεύοντα
1134 2839 1252 2917 θυράων

384 2932 426 2999 ὡς
447 2931 513 3006 ἴδεν,
535 2929 577 2998 ὣς
597 2931 753 3005 ἐκάλεσσε,
774 2931 822 2988 καὶ
842 2930 875 2996 ἐς
891 2929 985 3010 μυχὸν
1004 2926 1108 3008 ἤγαγεν
1128 2929 1217 3005 οἴκου,

283 3044 388 3103 collato
414 3045 516 3103 Nomio
536 3043 621 3102 Dion.
642 3043 696 3100 XV
727 3045 781 3101 2⁷1
804 3040 872 3122 δίχα
896 3040 1052 3118 φθονεροῖο
1077 3043 1218 3121 χιτῶνος,
1242 3045 1325 3104 XLII
1349 3051 1406 3104 453
1525 3047 1526 3054 ’

280 3134 425 3216 φθονεμὴν
451 3132 634 3212 ἐπεμέμφετο
656 3135 769 3212 μίτρην,
798 3140 828 3195 et
852 3135 936 3193 XXII
957 3141 992 3193 59
1018 3131 1125 3210 ὄμμασι
1148 3140 1286 3213 ποιητοῖσι
1311 3136 1406 3195 διοπ-

280 3227 395 3289 τεύων
425 3227 606 3307 τρυφαλείης.
638 3262 671 3271 -
703 3225 874 3286 ὀπιπεύουσα
899 3228 931 3286 Μ
957 3234 987 3286 et
1017 3228 1082 3286 edd.
1113 3229 1181 3288 iude
1211 3246 1229 3288 a
1259 3230 1404 3302 Belikero,

409 3321 437 3350 Ol}

280 3356 473 3416 θπιπτεύσασα
488 3357 519 3430 (λ,
540 3353 728 3414 θπιπτεύουσα
744 3355 889 3414 LNPSV
910 3359 940 3413 et
956 3355 1020 3414 edd.
1036 3361 1154 3429 praeter
1168 3357 1306 3430 Stephan.
1320 3357 1402 3416 Lect.

280 3451 368 3524 Pori,
383 3453 432 3523 qui
446 3450 522 3523 quod
534 3451 560 3510 G
570 3465 683 3523 quoque
696 3449 785 3508 habet
798 3444 995 3506 ἐποπτεύουσα
1009 3451 1194 3523 seripserunt.
1215 3445 1403 3507 θπιστεύουσα
1524 3495 1525 3520 ,

279 3577 314 3650 n,
334 3541 513 3647 οπρλεοοοοα
534 3578 558 3649 o
580 3582 664 3647 (corr.
685 3593 722 3633 m.
742 3579 815 3648 μμ
835 3608 872 3618 -
893 3574 1010 3654 uppem
1031 3577 1069 3650 n,
1095 3575 1201 3651 θηρίον
1223 3577 1261 3648 o;
1284 3609 1317 3618 -
1341 3576 1403 3636 eor

280 3666 399 3728 ὡσειδεν
418 3672 459 3744 Μ,
480 3665 520 3736 ὥς
540 3668 597 3728 ἴδεν
610 3671 651 3742 Ν;
673 3689 715 3735 ως
727 3670 768 3740 Μ,
790 3667 832 3736 ὡς
850 3671 914 3728 rell.
935 3671 1018 3728 codd.
1040 3677 1070 3729 et
1089 3669 1155 3728 edd.
1177 3676 1245 3728 ante
1265 3668 1402 3741 Bekker,

279 3765 327 3836 qni
342 3757 382 3829 ὣς
402 3764 501 3823 edidit.
517 3799 552 3806 -
567 3761 712 3822 εκάλεοσε
726 3765 766 3835 M,
787 3761 932 3821 ἐκάλεσσε
953 3763 1018 3821 edd.
1036 3762 1104 3822 inde
1118 3779 1136 3821 a
1150 3760 1300 3833 Beklrer03
1321 3759 1403 3838 ἐνόη-

278 3875 328 3915 σεν
350 3859 388 3931 Q,
415 3853 518 3935 ἐνόησε
541 3861 604 3919 rell.
631 3858 713 3918 codd.
741 3864 770 3916 et
796 3856 876 3927 edd.;
904 3888 937 3934 ἡ
961 3855 1158 3934 μυχονὴγαηεν
1182 3855 1229 3928 Μ;
1255 3849 1344 3932 ἤγαγε
1366 3856 1401 3927 03

279 3947 364 4028 αὐλην
378 3951 420 4024 Μ,
440 3947 528 4030 αὐλῆς
547 3953 610 4010 rell.
631 3951 714 4012 codd.
736 3957 766 4009 et
788 3949 852 4009 edd.
874 3954 941 4007 ante
955 3949 1092 4023 Beklter,
1114 3951 1163 4022 qui
1183 3948 1264 4006 οἴκου
1285 3950 1402 4021 scripsit

278 4045 435 4105 exNouno
456 4044 541 4105 Dion.
563 4045 682 4104 111423
707 4041 782 4102 ἑλὼν
808 4041 844 4101 δέ
864 4061 912 4118 μιν
934 4041 988 4107 εἷς
1008 4041 1122 4121 μυχὸν
1146 4040 1258 4115 οἴκου,
1285 4045 1404 4100 secutus
1486 4113 1488 4116 Ι
