3092 4662
742 343 958 408 ..32-

284 527 436 602 bergensis
460 528 492 586 in
515 527 676 586 Annalibus
695 533 786 587 1824.
811 526 884 586 RV
908 544 937 600 p.
956 533 1078 599 oolseq.
1118 527 1222 602 Neque
1242 530 1319 588 euim
1342 528 1419 590 dioit

282 626 380 694 poeta,
406 635 457 680 vos
478 619 548 679 deas
562 635 581 679 a
593 620 701 680 Paride
720 620 863 679 indicatas
884 621 916 692 (l)
936 621 1059 693 ddistis,
1080 621 1133 680 sed
1151 622 1266 682 vidistis
1287 623 1415 684 iudioem

283 712 382 772 Parim
408 717 438 774 et
462 712 610 772 victricem
634 712 804 772 Venerem«.
846 710 997 773 Consentit
1022 713 1154 774 (iraefius
1179 733 1208 789 p.
1228 723 1284 776 242
1312 723 1411 776 »reete

282 807 390 880 Populi
398 824 480 867 maus
491 807 634 884 μολοῦσαι
648 813 827 868 constantem
841 808 981 868 librorum
994 808 1149 869 lectionem
1163 808 1305 883 defendit,
1326 825 1414 882 quam

283 901 346 960 sins
365 903 443 961 omni
463 917 551 961 eausa
576 902 704 961 deseruit
724 901 891 974 Bekkerus,
917 917 951 960 eo
975 902 1060 974 peius
1084 900 1211 976 fatiens,
1237 919 1294 975 quo
1318 889 1414 962 minus

283 996 513 1055 commemoratis
533 1012 576 1054 vv.
593 1001 638 1054 15.
655 1001 699 1054 16.
730 994 856 1054 Paridi
871 1001 900 1054 et
913 995 1022 1054 Venari
1036 995 1171 1054 convenit
1185 1001 1312 1055 accusat.
1326 994 1412 1056 soem.

280 1083 442 1163 μολούσας,
468 1087 518 1160 qui
541 1105 578 1146 ne
604 1087 705 1146 addita
729 1088 846 1161 quidem
872 1093 1037 1162 pastura
1057 1089 1175 1149 Iunonis
1202 1094 1233 1148 et
1257 1089 1409 1149 Minervae

284 1182 444 1252 mentione,
469 1185 590 1254 propter
614 1181 792 1254 praecedens
819 1186 849 1241 et
873 1182 1033 1254 proximum
1053 1181 1169 1240 Paridis
1195 1197 1314 1256 uomen,
1339 1183 1414 1241 satia

285 1279 371 1348 aptus
391 1273 503 1338 fuisset.
542 1273 645 1346 Neque
665 1290 733 1334 vero
753 1290 873 1333 neeesse
894 1281 951 1348 est,
977 1275 1015 1333 de
1040 1276 1152 1334 omissis
1181 1275 1324 1334 eiusmodi
1348 1291 1416 1335 ver--

283 1369 363 1428 sibus
384 1369 523 1442 cogitare,
544 1368 613 1440 quia
632 1368 703 1427 satis
725 1374 797 1440 erat,
821 1368 947 1426 iudicem
966 1382 1206 1428 commemorasse
1225 1373 1256 1425 et
1277 1367 1315 1426 de
1335 1367 1417 1426 Dea·-

283 1463 337 1521 bus
359 1479 432 1535 eam,
453 1478 527 1534 quae
548 1462 673 1534 palmam
693 1468 904 1535 reportaverat.
934 1461 967 1520 In
988 1461 1227 1521 antecedentibus
1251 1466 1357 1535 autem,
1377 1467 1410 1520 ut

282 1557 313 1614 in
343 1556 485 1615 communi
515 1556 672 1627 sententia,
701 1556 743 1613 ita
773 1557 914 1613 communi
940 1557 1028 1613 etiam
1053 1571 1159 1626 genere
1186 1554 1223 1612 de
1253 1549 1414 1618 ἀθανάτοις-

286 1666 311 1706 v.
328 1656 362 1707 11
384 1665 440 1707 uon
462 1646 636 1720 ἀθανάταις,
662 1654 741 1707 recte
761 1650 873 1708 locutus
895 1654 940 1707 ast
958 1653 1054 1720 poeta,
1082 1655 1115 1706 ut
1133 1664 1230 1720 neque
1249 1648 1306 1706 huo
1325 1645 1409 1706 foem.

282 1738 431 1817 μολούσας
464 1741 575 1800 referre
608 1742 723 1800 lioeatu.
773 1742 884 1800 Similia
912 1741 1033 1813 protulit
1060 1740 1150 1799 Iulian
1182 1757 1210 1814 p.
1238 1747 1283 1798 59.
1307 1740 1416 1816 μολοδ.

284 1853 334 1891 σαι
353 1833 487 1908 probavit
505 1835 593 1895 etiam
612 1837 717 1895 Iuliani
738 1854 841 1897 censor
862 1837 1069 1910 Gottingeusis.
1092 1838 1139 1908 (Κ.
1157 1837 1190 1896 0.
1205 1837 1359 1909 Μίαλλθνλ)
1379 1839 1409 1896 iu

284 1927 440 2001 Gdttinger
460 1929 597 1988 Gelehrte
618 1932 765 2004 Anaeigen
787 1939 859 1990 1825
880 1949 909 2004 p.
930 1937 1042 1990 1545-
1055 1935 1151 2001 1549).
1175 1963 1208 1971 -
1232 1929 1271 1988 14
1297 1929 1409 2007 ὶδαίηΙσι

284 2019 408 2098 κάρηνον
427 2022 469 2095 Μ,
489 2029 522 2081 ut
543 2043 570 2080 σι
591 2025 629 2084 ad
650 2023 772 2102 κάρηνον
798 2043 854 2084 11011
880 2025 918 2084 ad
944 2023 1017 2100 ιδαίη
1043 2025 1192 2096 periinere
1218 2023 1408 2097 significatum

284 2113 374 2192 ι’δαίης
395 2114 518 2194 κάρηνον
539 2116 621 2175 codd.
642 2117 714 2176 dett.
736 2125 766 2176 et
786 2117 851 2176 edd.
872 2123 939 2176 aute
959 2115 1136 2190 Bekkerum,
1157 2117 1214 2174 nisi
1235 2118 1313 2189 quod
1332 2119 1361 2176 in
1380 2119 1406 2177 L

283 2258 365 2318 oolou
380 2265 447 2332 post
460 2255 550 2337 ίδαίης
566 2265 619 2328 est,
635 2279 756 2337 καρηνον
772 2260 812 2332 V3
832 2261 858 2318 A
873 2222 992 2336 alippiiu
1006 2265 1028 2330 (ι
1041 2261 1071 2318 in
1084 2277 1141 2320 ras.
1153 2277 1217 2320 am.
1230 2269 1247 2319 2
1262 2279 1293 2318 ον
1307 2276 1407 2333 supra-

284 2351 422 2424 scriptum
442 2368 510 2410 am.
525 2357 565 2423 2),
587 2359 617 2411 et
637 2351 787 2430 δικάρηναν
802 2353 828 2412 G
848 2354 936 2412 habet
956 2355 1033 2426 quod
1050 2355 1149 2426 Steph.
1164 2354 1245 2414 Leot.
1260 2359 1290 2412 et
1303 2354 1408 2412 Portus
1454 2342 1458 2349 ’

285 2442 452 2516 ediderunt3
479 2445 601 2516 »quodsi
620 2445 701 2517 legas
722 2442 873 2521 δικάρηναν
897 2462 950 2504 seu
972 2444 1156 2523 τρικάρηνον,
1180 2446 1323 2505 constabit
1346 2460 1409 2503 ver·

284 2553 350 2594 susa
364 2538 532 2596 Neauder
551 2539 581 2596 in
593 2554 684 2610 marg.
702 2569 734 2581 ·-
754 2538 874 2611 Lennep
888 2545 1040 2612 postquam
1055 2541 1113 2598 tria
1127 2539 1196 2598 Idae
1212 2540 1414 2612 promontoria

283 2647 301 2688 a
327 2632 472 2691 veteribus
502 2633 718 2692 commemorari
751 2633 931 2705 exposuerit,
962 2635 1003 2691 sio
1034 2634 1132 2707 pergit
1166 2632 1289 2690 »Melius
1320 2630 1407 2705 paulo

283 2724 350 2783 huio
370 2726 433 2784 looo
459 2727 619 2785 consultum
644 2724 760 2798 fuisset,
787 2727 812 2782 si
837 2727 960 2785 alterum
984 2724 1155 2803 speusippum
1181 2725 1407 2784 substituissent.

281 2818 364 2877 Idam
384 2818 565 2896 τρικάρηνον,
585 2837 641 2878 nou
663 2834 730 2879 vero
751 2817 901 2896 δικαίρηνον
916 2819 1038 2878 colutho
1057 2818 1156 2891 fuisse,
1178 2819 1318 2891 exipsius
1332 2818 1406 2877 Pha-

283 2913 382 2970 leorae
402 2912 457 2970 hoa
476 2913 539 2971 loeo
563 2913 709 2971 mentione
733 2916 824 2984 patet.
864 2911 922 2970 Sed
941 2928 995 2970 neo
1014 2914 1108 2985 ipsum
1133 2911 1204 2970 illud
1229 2909 1407 2989 rpradopvou,

282 3005 339 3062 etsi
360 3011 445 3062 acute
472 3005 667 3076 excogitatum
691 3008 722 3063 et
746 3005 840 3076 prima
866 3005 964 3077 speeie
991 3004 1217 3064 commendabile
1244 3003 1407 3077 admodum,

282 3096 353 3154 ferri
374 3102 484 3170 potest:
509 3099 534 3154 si
556 3098 631 3154 euim
651 3096 795 3156 Phalaora
814 3114 901 3156 uuum
923 3114 939 3156 e
959 3099 1052 3157 tribus
1078 3098 1284 3172 promontoriis
1309 3095 1407 3171 fuerit,

281 3190 465 3250 nullomodo
487 3189 634 3249 commode
655 3191 712 3248 diei
731 3197 831 3264 posset
851 3189 1023 3270 τρικάρηνος
1042 3190 1139 3270 appula
1163 3189 1327 3268 Φαλάκρης,
1348 3191 1409 3248 nisi

282 3291 395 3345 statuas
415 3281 461 3342 ἐπὶ
480 3283 597 3361 πρηῶνα
616 3280 785 3361 τρικάρηνον
802 3279 905 3362 Ἰδαίης
921 3282 1076 3362 Φαλάκρης
1089 3285 1214 3359 positum
1237 3301 1301 3342 essa
1322 3282 1408 3342 modo

281 3380 375 3452 politis
396 3377 532 3437 familiari
551 3393 604 3450 pro
625 3373 670 3462 {ul
690 3378 807 3456 πρηῶνα
830 3375 985 3455 Φαλάκρης
1001 3375 1106 3455 Ἰδαίης
1125 3375 1299 3454 τρικαρήνου
1318 3376 1415 3448 idqua-

280 3490 333 3546 pro
353 3469 399 3529 ἐπὶ
418 3493 445 3530 π.
464 3471 498 3531 Φ.
512 3465 590 3548 Ἴδης
609 3469 791 3549 τρικαρήνου,
811 3472 1051 3544 quemadmodum
1070 3471 1202 3550 σεληναίη
1222 3488 1275 3544 pro
1296 3468 1415 3546 σελήνη,Ι

280 3561 404 3643 Ἀθηναίη
430 3584 483 3639 pro
508 3562 617 3642 Ἀδὴνηι
648 3565 724 3636 quod
749 3572 847 3624 tamen
872 3567 1023 3640 probabile
1055 3566 1134 3624 haud
1160 3564 1283 3623 videtur.
1320 3559 1410 3639 Ἰδαίη

285 3657 422 3736 Φαλάκρη
447 3662 561 3721 omnino
585 3662 727 3720 adieetive
752 3663 849 3736 capio,
874 3658 1113 3734 quemadmodum
1133 3664 1193 3719 ul
1214 3651 1334 3734 Ἰδαίησι
1352 3674 1408 3733 χο-

278 3756 384 3829 ρείαις,
409 3770 435 3812 v.
452 3762 488 3813 69
508 3752 622 3820 Ξάνθος
640 3741 759 3828 Ἰδαῖος,
784 3772 810 3815 u.
828 3763 881 3815 100
897 3749 991 3829 Ἰδαῖη
1011 3747 1101 3829 ἄκρη,
1126 3768 1153 3809 v.
1169 3757 1223 3810 116
1243 3746 1334 3806 Ἰδαῖα
1355 3744 1410 3826 ὄρη

208 3887 209 3892 1
283 3851 313 3905 et
334 3847 399 3904 aliis
419 3848 449 3904 iu
468 3847 548 3906 loeis.
587 3849 667 3908 Nihil
692 3849 823 3922 adeoque
849 3854 997 3921 superest,
1025 3862 1110 3918 quam
1134 3850 1167 3903 ut
1194 3842 1310 3902 aliunde
1332 3857 1416 3900 coma

282 3938 441 3998 modiorem
471 3941 644 4013 scripturam
674 3941 965 4015 circumspiciamus«.
1012 3940 1107 4012 Quare
1138 3956 1166 4012 p.
1189 3943 1243 3997 109
1276 3952 1312 3995 ex
1341 3934 1414 3996 libri

283 4033 467 4093 Ambrosiani
487 4034 632 4106 scriptura
652 4052 760 4111 κρηνας
780 4033 836 4105 (sio
850 4033 925 4091 enim
940 4035 968 4092 ei
983 4049 1018 4092 ex
1032 4034 1088 4092 hoo
1101 4031 1175 4090 libro
1195 4027 1270 4088 falso
1283 4029 1418 4088 relatum
