3078 4654
742 336 978 400 -122-

296 504 415 564 demum
434 501 506 582 ὑπὲρ
526 503 633 582 τεγέων
654 507 696 578 tin
716 504 899 565 conclavibus
918 506 1064 579 superuis)
1083 507 1208 566 coniecit
1227 523 1264 566 ex
1284 507 1424 582 Trypbio

297 598 374 660 doro
387 600 443 658 347
465 600 597 676 γυναῖκες
615 596 686 676 ὑπὲρ
706 595 815 674 τεγέων
833 595 962 671 ἀιόοσαι,
987 599 1058 658 iicet
1075 615 1132 660 nou
1152 601 1334 672 ignoraverit
1358 599 1424 678 ὑπὲρ

304 689 417 771 λιγέων
430 693 518 752 etiam
532 693 610 767 apud
622 693 755 754 Nouuum
769 692 836 764 (Vll
850 699 919 764 313)
933 699 1043 752 extare
1056 725 1092 736 —
1112 691 1175 752 376
1192 693 1331 772 petitque
1351 715 1426 760 τινας

302 781 474 861 προλέλοιπα
493 789 629 863 γυναῖκας
641 787 683 860 Μ,
704 786 781 845 uude
801 787 976 846 deteriorum
990 787 1122 847 codicum
1135 794 1167 846 et
1179 788 1342 848 editionum
1356 791 1418 848 scri

297 881 413 952 pturam
433 877 604 956 προλέλοιπα
622 878 702 944 τίνας
716 877 851 956 μεθέηκα
863 881 973 940 mutavi
985 880 1126 940 suadente
1141 883 1229 940 etiam
1243 883 1423 942 Scbneidero

298 989 327 1046 p.
342 978 408 1031 416.
449 970 786 1045 ercombertum
812 972 879 1032 libri
905 973 1050 1046 scriptura
1075 977 1156 1032 κοῖον
1181 971 1253 1050 ὄρος
1275 974 1424 1053 μεθέηκα·

299 1065 375 1124 τίνα
393 1063 564 1142 προλέλοιπα
583 1065 647 1120 τίν’
667 1062 795 1140 ἄγκεα,·
815 1065 907 1124 latere
927 1067 1019 1124 risum
1038 1072 1112 1140 erat,
1134 1069 1296 1141 »syuitcsin
1318 1073 1422 1136 temen,

299 1160 394 1232 qualis
414 1159 444 1216 in
469 1155 563 1234 ἄγκεα
588 1165 679 1230 esset,
706 1160 852 1218 evitarunt
874 1159 905 1217 hi
924 1160 1020 1220 Nouui
1047 1168 1220 1234 sectatores3
1246 1169 1425 1222 contractum

298 1259 396 1312 autem
418 1247 493 1328 ἄγκη
511 1251 596 1309 nimis
616 1267 636 1310 a
656 1251 726 1312 (iod.
739 1253 772 1310 bd
791 1252 912 1312 recedit.
951 1254 1055 1326 Neque
1083 1257 1240 1328 repetitum
1268 1255 1344 1314 iliud
1368 1254 1425 1313 τίνα

300 1348 372 1406 satis
393 1353 463 1420 apte
482 1348 616 1419 positum.
657 1347 703 1404 An
723 1344 847 1404 fortasse
867 1343 1011 1422 σύναγκος
1029 1347 1154 1422 dictum,
1179 1356 1213 1408 ut
1232 1348 1423 1425 συνάγκειαλι

301 1439 457 1499 Caeterum
468 1436 595 1514 dpocW3
609 1437 741 1504 κολῶνας
750 1439 914 1510 GNPWo3
923 1438 1057 1515 μεθέλκα
1063 1441 1098 1499 L.
1109 1473 1147 1484 -
1161 1442 1319 1515 sequendo
1331 1463 1425 1506 versus

300 1533 374 1607 loco,
397 1548 482 1605 quem
496 1531 654 1592 Schneider
672 1532 729 1590 huc
749 1533 935 1604 transposuit,
956 1533 1024 1592 olim
1044 1534 1197 1606 legebatur
1211 1554 1237 1595 v.
1253 1545 1322 1612 388,
1343 1557 1423 1612 quem

300 1627 424 1684 lacunae
449 1626 539 1697 siguis
563 1632 631 1698 post
655 1642 681 1682 v.
701 1627 756 1684 373
782 1626 885 1698 positis
910 1625 1030 1700 Leuuep
1061 1628 1155 1688 miuus
1184 1632 1335 1692 commode
1361 1640 1424 1708 post

300 1737 327 1778 v.
346 1721 402 1778 378
427 1725 618 1792 transponere
649 1719 753 1791 voluit,
782 1719 925 1792 probante
955 1720 1097 1780 Harlesio.
1145 1723 1253 1782 Contra
1278 1726 1422 1786 Graetius:

300 1813 378 1872 Ante
402 1813 478 1871 hunc
499 1829 610 1871 versum
639 1817 757 1886 »aperte
784 1813 815 1870 id
839 1811 936 1882 deest,
961 1813 1146 1874 Hermionen
1171 1819 1354 1888 quaesivisse
1379 1820 1424 1892 (cf.

300 1923 326 1964 v.
354 1910 422 1978 386)
447 1913 568 1965 matrem
594 1905 701 1978 ubique
725 1907 783 1974 ita,
819 1910 852 1964 ut
875 1906 986 1964 nullum
1010 1913 1137 1966 montem
1165 1914 1419 1986 praetermitteret

302 2005 336 2060 ut
354 2018 380 2062 r.
395 2003 451 2062 374
473 2000 587 2059 dicitur.
626 2000 684 2060 Sed
704 2000 751 2058 hic
770 2017 870 2058 rursus
890 1999 1005 2059 videtur
1023 2003 1128 2061 lacuna
1149 2019 1226 2075 esse;
1256 2013 1337 2066 certe
1359 2015 1421 2081 post

299 2111 326 2152 v.
347 2096 402 2154 375
430 2097 575 2156 sententia
599 2102 701 2169 aperte
726 2092 896 2167 imperfecta
921 2098 980 2152 est:
1010 2094 1041 2153 id
1062 2095 1135 2154 enim
1161 2097 1239 2168 quod
1258 2098 1419 2173 Lennepios

302 2191 390 2249 vertit
420 2192 558 2263 [ssicciue
587 2189 810 2262 properabas
840 2189 878 2246 ad
908 2189 1051 2248 vinculum
1080 2188 1223 2249 formosae
1250 2191 1418 2266 Veneristr]

301 2284 477 2344 Hermionae
502 2287 532 2342 iu
556 2291 681 2342 mentem
707 2285 804 2342 venire
830 2300 886 2342 nou
905 2285 1009 2358 potuit
1049 2285 1139 2344 Paulo
1164 2285 1344 2358 probabilius
1363 2305 1424 2347 rer·

302 2395 365 2436 sum
379 2382 435 2438 373
460 2379 519 2450 [ed.
537 2377 678 2451 Bekker.]
708 2385 774 2450 post
793 2395 818 2435 v.
839 2380 894 2437 377
920 2378 997 2436 idem
1017 2379 1183 2453 Lennepios
1209 2383 1422 2455 transpouebat.

298 2457 360 2531 'sed
387 2472 429 2530 sic
449 2472 621 2532 Hermiones
646 2473 739 2530 oratio
765 2488 822 2529 uou
846 2473 987 2544 integrior
1008 2478 1066 2546 est,
1091 2478 1122 2532 et
1140 2474 1211 2531 illud
1231 2469 1310 2532 οὕτω
1331 2495 1356 2534 v.
1370 2479 1422 2536 375
1509 2455 1510 2470 ’

305 2565 429 2624 suadere
448 2567 546 2642 potius
567 2566 690 2638 videtur,
710 2571 743 2624 ut
762 2565 799 2625 de
819 2567 1032 2639 comparatione
1054 2568 1213 2640 cogitemus
1232 2571 1336 2629 veluti:

409 2693 486 2755 οὕτω
507 2694 692 2772 καλλικόμοιο
710 2691 779 2771 μεθ’
799 2693 943 2772 Ἁρμονίης
961 2693 1038 2773 πρὶν
1059 2693 1181 2774 ὁδίτης

406 2789 567 2856 ἄστατος
586 2784 640 2867 ἤιε
660 2786 816 2867 Κάδμος,
837 2785 895 2865 ἑὴν
916 2787 944 2845 δ’
964 2785 1026 2860 οὐχ
1046 2785 1150 2866 εὗρεν
1170 2788 1343 2868 ἀδελφὴνε

302 2919 432 2992 cogitari
451 2919 539 2977 etiam
560 2923 675 2991 posset,
702 2918 795 2976 latere
816 2912 894 2974 οὔπω
915 2918 944 2975 iu
964 2913 1057 2989 οὕτω,
1077 2922 1110 2975 ut
1129 2918 1286 2977 Hermione
1307 2936 1339 2978 se
1359 2925 1421 2978 aute

302 3017 467 3071 contractas
487 3011 604 3084 nuptias
625 3015 756 3068 amatre
776 3011 866 3070 solam
887 3011 983 3070 deseri
1003 3012 1129 3071 doleret:

403 3135 511 3213 οὔπω,
532 3139 717 3216 καλλικόμοιο
735 3139 808 3218 μεθ’
827 3139 960 3219 ιῇομονίην
976 3137 1142 3218 Ἀφροδίτης

400 3231 557 3313 μητέρος
576 3233 652 3294 ἀντὶ
670 3235 790 3314 φίλης,
808 3259 868 3312 μοι
888 3235 972 3316 ἀνὴρ
993 3237 1096 3314 φίλος
1116 3235 1214 3295 ἐστὶν
1235 3237 1387 3315 ἀρωγός.

301 3367 407 3427 Verum
422 3365 560 3423 ridendus
575 3381 646 3438 suru,
668 3365 716 3437 qui
737 3366 782 3423 his
802 3366 918 3424 somniis
938 3372 1052 3438 tempus
1072 3366 1220 3440 perdam«.
1253 3365 1422 3425 Graeiius

300 3479 329 3536 p.
344 3465 409 3520 237.
443 3459 590 3518 Hermann
610 3477 638 3533 p.
654 3467 700 3526 22,
721 3475 806 3531 quem
828 3465 944 3519 secutus
964 3467 1009 3520 est
1022 3461 1124 3535 Lehrs‚
1144 3476 1258 3518 versum
1279 3463 1329 3532 qui
1349 3477 1421 3520 nuuc

303 3561 348 3612 est
368 3556 423 3613 887
447 3571 481 3613 eo
495 3569 551 3626 quo
564 3569 640 3611 nuuc
660 3560 705 3612 est
718 3555 780 3612 ioco
799 3555 962 3626 ponendum
978 3571 1042 3613 esse
1055 3561 1136 3613 recte
1149 3556 1308 3627 perspexit,
1331 3571 1423 3613 emen-

302 3644 447 3704 dationem
474 3651 571 3703 tameu
596 3642 719 3718 perfecit
743 3643 901 3702 Schneider
925 3663 953 3718 p.
973 3653 1047 3720 415,
1077 3646 1125 3716 qui
1150 3662 1249 3704 versus
1277 3647 1355 3705 sicut
1379 3648 1423 3706 hic

301 3739 439 3810 leguntur
459 3738 614 3811 disposuit,
640 3754 703 3795 oum
727 3737 905 3797 incommode
925 3756 950 3795 v.
966 3741 1021 3798 377
1042 3739 1109 3798 olim
1129 3745 1196 3813 post
1215 3756 1240 3796 v.
1256 3746 1312 3798 388
1333 3743 1423 3800 lectus

300 3833 353 3904 sit,
381 3836 550 3904 rpostquam
576 3833 650 3890 enim
678 3838 813 3890 amatre
838 3829 994 3890 Hermione
1019 3833 1130 3890 audivit
1153 3833 1247 3906 ipsam
1273 3849 1291 3890 a
1317 3834 1423 3893 Peride

301 3941 365 3985 esse
385 3933 507 3998 raptam,
527 3943 584 3985 uou
604 3927 661 3984 iam
680 3927 775 3998 potuit
794 3925 895 3996 vagari
916 3931 947 3982 et
966 3942 1106 3998 quaerere
1127 3933 1275 3984 matrem«.
1303 3959 1340 3968 -
1365 3926 1422 3986 377

298 4038 391 4098 μαι-ην
411 4015 549 4083 επλάζετα
568 4019 616 4088 Μ,
638 4016 731 4095 μάτην
751 4013 891 4082 ἐπλάζετο
916 4017 998 4076 codd.
1022 4026 1051 4077 et
1076 4019 1141 4076 edd.
1161 4019 1240 4091 rell.‚
1261 4019 1325 4092 qui,
1352 4020 1423 4079 sicut
