3092 4662
747 288 963 354 ..50-

441 475 490 532 καλ
508 473 613 553 περόνη
634 471 760 532 dodum
782 471 964 552 διαστησοσα
981 473 1104 553 χιτῶνα,

439 569 543 646 χρυσῷ
557 564 612 642 μὲν
634 565 810 644 πλοκάμους,
829 571 934 644 χρυσῷ
950 563 975 623 δ’
984 562 1131 645 ἐστέψατο
1152 565 1258 646 δείρην.

288 709 386 771 Verba
406 707 434 768 K
440 707 587 770 OMAllN
603 715 633 768 et
653 707 827 784 ΧΙΤΩΝΑ,
849 707 880 770 X
886 707 1018 768 dl'llllll
1027 718 1058 771 et
1071 708 1237 768 AEIPHN
1251 728 1311 772 non
1331 715 1427 788 magis

289 805 463 879 discrepent,
485 820 571 876 quem
594 819 670 875 quae
689 801 765 862 infre
785 821 811 862 ν.
826 805 882 864 374
908 802 1028 863 confuse
1054 805 1135 863 vides
1162 809 1302 881 γυναῖκας
1321 812 1354 866 et
1373 827 1427 863 κο·

289 895 391 963 λώνας.
431 897 472 956 Et
492 897 534 954 sic
556 897 585 954 in
608 896 744 954 extremis
769 896 915 955 vocabulis
935 913 982 970 ep.
1002 897 1135 956 Nonnum
1157 900 1329 971 saepissime
1355 916 1427 973 pec-

289 998 412 1052 catum«
429 1024 456 1034 -
479 991 556 1050 Hinc
569 988 675 1066 δεζοην,
697 991 727 1048 in
741 989 817 1062 qnod
832 996 864 1048 et
876 991 939 1063 ipse
960 991 1127 1064 incideram,
1147 993 1247 1064 recepi
1268 993 1353 1061 (licet
1373 994 1427 1052 du-

288 1085 427 1146 bitaverit
444 1085 480 1143 de
493 1085 549 1142 hac
562 1099 632 1143 voce
646 1082 792 1142 Toumier
804 1100 835 1155 p.
850 1085 908 1154 21),
929 1083 1013 1141 nimis
1034 1085 1108 1140 enim
1129 1084 1285 1142 videbatur
1306 1087 1427 1159 capillo·

288 1196 352 1236 rum
371 1178 480 1237 mentio
500 1182 545 1234 ter
565 1176 709 1249 repetita,
730 1181 761 1233 et
780 1181 991 1233 vv.134—135
1012 1175 1088 1234 idem
1109 1174 1254 1248 flagitant
1298 1178 1426 1237 caetere

289 1271 397 1332 Greefii
417 1271 584 1330 coniectura
603 1269 701 1327 minus
722 1275 792 1340 apte
812 1267 940 1341 videtur,
967 1268 1031 1340 quis
1059 1269 1134 1326 enim
1159 1287 1296 1342 umquam
1316 1271 1426 1330 fibulae

289 1382 345 1440 ope
365 1365 451 1425 solvit
470 1364 600 1423 vestem?
632 1363 667 1420 In
688 1363 807 1433 reliquis
828 1362 1018 1421 Tonrnerium
1039 1369 1155 1422 secutus
1176 1381 1248 1437 sum,
1270 1366 1322 1436 qui
1341 1383 1371 1438 p.
1387 1373 1424 1424 19

291 1467 364 1518 -21
385 1460 415 1515 in
435 1459 467 1516 M
488 1457 556 1515 libri
575 1457 719 1530 scriptura
738 1453 845 1534 περόνη
868 1453 993 1512 θυόεντα
1013 1457 1106 1514 latere
1123 1455 1322 1515 Hermennnm
1342 1474 1425 1518 secu-

289 1557 336 1609 tus
357 1551 480 1622 monuit,
501 1549 642 1619 simulque
656 1547 800 1607 adiectivo
819 1548 970 1605 masculini
990 1551 1113 1622 generis,
1134 1547 1269 1623 θυόεντα,
1289 1552 1424 1610 substan·

289 1645 349 1702 tivo
368 1640 499 1700 feminini
525 1644 640 1715 generis
663 1639 782 1718 περόνην
803 1642 891 1715 paulo
916 1642 1086 1700 insolentius
1112 1643 1264 1702 coniuncto
1285 1644 1423 1717 offensus,

289 1730 471 1812 δισσκὴσασα
497 1751 550 1807 pro
580 1731 762 1811 διαστήσασα
788 1741 817 1792 et
842 1733 988 1812 κόρυμβον
1013 1754 1067 1809 pro
1094 1734 1212 1813 κομάων
1237 1738 1425 1796 scribendum
1528 1746 1529 1809 Ῐ

290 1844 355 1888 esse
381 1827 455 1886 vidit
480 1828 587 1888 collato
608 1827 760 1887 Athenaeo
785 1827 842 1885 XII
867 1845 895 1900 p.
917 1829 1010 1888 526A
1034 1827 1215 1907 διησκημένοι
1240 1829 1295 1896 τὰς
1323 1829 1420 1908 κόμας

288 1925 392 2002 χρυσῷ
409 1919 521 1998 κόσμῳ.
543 1954 578 1964 -
600 1919 640 1980 85
662 1919 695 1978 δε
715 1921 763 1994 Μ;
784 1939 900 1998 εριυτας
919 1921 1077 1999 ἀνηστησεν
1096 1923 1143 1994 Μ;
1166 1957 1199 1965 -
1222 1923 1262 1984 88
1284 1923 1366 2002 ἀγανν
1380 1925 1423 1996 Μ,
1528 1906 1529 1931 ¹

290 2013 369 2092 ἀγὼν
384 2031 420 2074 ex
432 2010 511 2092 ἄγων
527 2015 558 2088 G,
579 2011 657 2090 ἄγων
670 2014 760 2074 ALN
768 2014 828 2086 QR
843 2019 873 2073 et
886 2014 996 2086 aliquot
1010 2014 1075 2073 edd.
1090 2021 1174 2087 vett.;
1189 2013 1261 2092 dy’d
1274 2034 1329 2090 pro
1344 2015 1425 2094 ἅγιόν

290 2111 363 2171 coni.
389 2109 525 2182 Lennop3
545 2114 622 2182 apte,
642 2108 738 2166 iudice
761 2107 905 2170 HarlesiO.
936 2105 1161 2184 περιπτύξασδαι
1176 2109 1240 2183 OQ,
1253 2107 1424 2188 περιπτύξα-
1528 2102 1529 2173 ᾖ

292 2216 363 2310 σθιειι
381 2254 424 2323 Ν;
445 2285 478 2294 -
495 2247 534 2310 87
554 2248 667 2326 ἀγλαΐαι
683 2269 722 2327 με
736 2250 912 2329 διακρίνουσι
925 2249 1085 2329 προσώπων
1105 2252 1189 2313 codd.
1210 2253 1283 2312 dell.
1304 2260 1335 2313 et
1355 2254 1424 2313 edd.

292 2349 360 2404 ente
374 2344 487 2416 Lehrs.‚
508 2344 558 2415 qui
572 2359 608 2402 ex
620 2345 779 2402 Hermanni
793 2345 967 2418 coniectura,
987 2347 1017 2404 in
1031 2363 1116 2418 quem
1131 2352 1161 2405 et
1174 2347 1238 2420 ipse
1251 2347 1423 2419 inciderem,

292 2434 483 2514 διακρινέουσι
504 2437 605 2495 edidit.
640 2437 822 2496 Structurcm
841 2439 929 2511 plene
949 2437 1093 2498 inficetam
1109 2455 1173 2498 esse
1192 2445 1274 2498 retus
1295 2437 1424 2518 σήμερον
1528 2488 1529 2497 ,

294 2529 424 2608 ἀγλαΐαις
434 2549 474 2607 με
487 2527 663 2607 διακρίνουσι
675 2525 829 2612 προσώπου
843 2531 967 2592 coniecit
985 2531 1115 2606 Lennep,
1135 2533 1241 2592 collato
1262 2549 1288 2590 v.
1304 2539 1369 2592 253.
1386 2565 1422 2576 -

293 2625 365 2686 Cum
390 2626 420 2682 in
439 2624 472 2683 M
493 2621 596 2700 αγλαΐα
612 2643 651 2699 με
671 2622 858 2701 διακρίνουσα
877 2624 1016 2697 scriptum
1038 2630 1125 2697 extet,
1145 2625 1242 2684 nescio
1263 2641 1301 2684 1111
1321 2623 1424 2702 ἀγλαΐη

290 2738 329 2796 με
353 2717 539 2796 διακρίνουσα
559 2717 742 2776 scribendum
772 2718 824 2791 sit,
851 2718 973 2775 lacunae
1000 2718 1089 2790 signis
1115 2719 1283 2791 posthunc
1306 2735 1424 2778 versum

292 2813 404 2884 positis.
433 2845 467 2853 -
495 2810 535 2869 88
555 2828 607 2867 τινι
627 2811 676 2880 Μ;
694 2809 841 2884 βοκυολος
862 2810 884 2869 O
903 2816 972 2868 ante
992 2825 1080 2883 corr.;
1107 2807 1194 2876 οὗτος
1213 2811 1257 2870 bis
1276 2811 1368 2872 habet
1387 2811 1423 2882 S;

294 2901 406 2982 ότάσση
425 2907 466 2980 (η)
487 2903 572 2963 codd.
593 2901 666 2970 dett.
688 2909 717 2961 et
738 2903 803 2963 edd.
826 2908 894 2961 ante
914 2903 1090 2978 Belrkerum,
1111 2901 1234 2962 όπόσοει
1252 2904 1286 2963 Μ
1306 2910 1337 2963 et
1356 2905 1423 2963 rell.

294 3046 360 3106 suu.
378 3077 416 3088 -
436 3045 475 3104 se
489 3042 566 3124 τηρ
582 3043 713 3104 sessove
725 3045 773 3118 u,
796 3010 927 3105 ινιποόσ
943 3048 979 3120 ο;
999 3046 1106 3126 ποορ
1118 3048 1171 3122 w;
1186 3081 1223 3092 -
1238 3045 1281 3108 eo
1298 3048 1332 3107 σε
1345 3049 1423 3120 mc;

289 3136 446 3218 μεθέσπειν
470 3139 511 3212 L3
539 3159 589 3196 και
614 3139 662 3212 Μ;
691 3171 725 3182 -
754 3137 792 3198 91
814 3137 965 3211 βασιλεῖαν
991 3139 1037 3198 ἀεὶ
1063 3141 1215 3200 καλεουοον
1239 3143 1286 3215 Μ;
1318 3142 1424 3202 »valde

294 3236 414 3310 languet
428 3231 474 3292 del
491 3235 522 3292 in
534 3233 580 3292 his
594 3233 700 3308 verbis,
722 3238 825 3294 utnon
839 3235 1029 3294 dubitandum
1042 3236 1185 3305 videatur,
1207 3236 1276 3308 quin
1296 3237 1424 3308 genuina

293 3331 439 3404 scripture
456 3330 495 3388 sit
508 3324 725 3390 ἐπικλείουσιν.ι
751 3329 899 3388 Hermann
913 3347 941 3402 p.
958 3336 1003 3388 13.
1019 3361 1053 3372 -
1069 3327 1112 3387 92
1126 3327 1244 3394 ἄναλκις
1256 3329 1303 3401 Μ;
1324 3324 1374 3406 ἐην
1386 3328 1423 3401 L,

295 3419 344 3503 ἑην
363 3424 403 3496 Δ;
431 3416 481 3501 ἔην
505 3423 573 3482 huic
597 3424 661 3483 loco
685 3437 788 3496 perum
808 3427 907 3495 aptum
928 3437 964 3480 ex
988 3421 1114 3482 Homero
1135 3422 1179 3493 (Il.
1199 3421 1227 3480 E
1247 3424 1329 3494 330):
1350 3419 1367 3478 ό
1388 3419 1423 3480 δὲ

296 3510 401 3592 Κύπριν
421 3511 553 3593 ἐπῴχετο
576 3511 654 3593 νηλέϊ
668 3512 773 3593 χαλκῷ
788 3511 959 3590 Γιγνώσκων
978 3510 1018 3572 ὅτ’
1045 3512 1163 3580 ἄναλκις
1186 3507 1235 3592 ἔην
1258 3512 1330 3580 θεὸς
1347 3531 1424 3574 sum·

295 3612 377 3682 ptum
399 3623 463 3667 esse
482 3609 593 3668 monuit
606 3608 735 3682 Lennop.
749 3639 784 3650 -
797 3606 952 3682 βασιλείων
974 3607 1010 3679 (1;
1025 3641 1061 3650 -
1076 3605 1115 3666 98
1136 3605 1297 3684 κοιρανοίην
1317 3609 1356 3680 Q3
1376 3603 1423 3666 od-

296 3698 404 3778 δεγχος
427 3701 476 3770 Μ,
507 3698 566 3759 οὐδ’
591 3696 680 3782 εὖχος
704 3701 846 3773 PSVW3
876 3695 937 3757 οὐδ’
966 3701 1050 3760 codd.
1076 3706 1106 3760 et
1136 3700 1200 3760 edd.
1226 3705 1294 3760 ente
1318 3700 1422 3760 Lehrs.

298 3793 380 3854 »Nisi
399 3797 487 3869 paulo
507 3797 621 3870 longius
648 3813 667 3857 ο
691 3796 811 3868 vulgata
830 3795 998 3866 aberraret,
1019 3793 1080 3854 fere
1100 3794 1248 3854 crederem
1269 3793 1421 3854 Coluthum

296 3886 413 3948 dedisse
434 3919 470 3930 -
1035 3883 1069 3944 οὐ
1086 3885 1232 3966 βασιλήιον

500 3982 651 4059 κοιρανίην,
672 3976 732 4040 οὐδ’
751 3976 831 4060 εἶχον
848 3975 953 4056 Ἀρήιον
972 3974 1007 4044 ἐς
1024 3978 1113 4056 βέλος
1133 3977 1230 4058 ἀλκὴν.
1254 4043 1257 4046 Α
