3078 4654
581 336 817 399 -105-

135 518 306 580 Graeiius
331 539 360 593 p.
382 525 447 579 255.
487 520 580 580 Lebrs
606 523 804 583 Hermannum
829 529 945 582 secutus
971 531 1029 598 est,
1055 527 1104 598 qui
1128 527 1200 586 haec·
1225 520 1262 586 de

135 619 236 676 nostro
261 615 325 674 loco
351 632 380 686 p.
402 621 451 672 20:
484 615 584 686 »Quae
609 623 781 689 sequuntur,
811 618 855 674 ita
879 618 1074 678 continuanda
1100 624 1178 678 sunt:
1209 616 1262 676 οὐκ

131 705 227 788 ἐρέω·
249 707 282 764 τί
296 703 330 764 δὲ
350 705 456 763 τόσσον
475 702 662 787 ἐπισταμένην
682 729 717 767 σε
736 707 853 781 διδάξω,
873 709 901 766 εἰ
918 713 991 766 τοῖαι
1005 711 1138 787 γεγάασιν
1156 709 1189 770 ἐν
1206 709 1262 789 Ἀρ-

135 802 236 880 γείοιοι
255 802 395 877 γυναῖκες.
435 801 509 860 Num
538 802 615 874 quod
640 803 677 862 de
696 805 831 863 Menelao
856 805 1057 877 interpositum
1082 811 1140 879 est,
1166 823 1261 878 neque

135 895 274 956 cohaeret
294 912 359 954 oum
378 896 491 966 reliqua
510 897 650 971 oratione,
670 913 764 971 neque
779 899 864 958 decet
877 898 1020 957 Paridem.
1052 900 1107 959 Est
1126 901 1177 959 ille
1197 917 1260 960 ver-

136 1007 196 1061 sus,
216 990 241 1048 si
262 989 332 1061 quid
352 989 444 1060 video,
465 991 595 1050 Helenae
615 993 785 1052 tribuendus
805 995 885 1052 cuius
900 995 993 1055 oratio
1012 1011 1046 1055 eo
1060 995 1259 1054 additamento

132 1088 223 1142 aucta
241 1083 328 1155 plane
348 1082 505 1157 respondet
523 1083 638 1142 Paridis
658 1087 791 1161 orationi,
812 1103 837 1144 v.
859 1093 925 1144 312.

288 1213 375 1295 ἔγρεο
397 1219 452 1294 νῦν,
474 1219 644 1300 Σπάρτηθεν
664 1221 710 1283 ἐπὶ
733 1223 829 1302 Τροίην
846 1244 885 1303 με
906 1225 1052 1303 κόμισσον.

288 1307 403 1389 ἕψομαι,
425 1311 468 1379 ὡς
488 1314 632 1395 Κυθέρεια
654 1317 751 1395 γάμων
769 1319 902 1394 βασίλεια
922 1317 1043 1377 κελεύει.

288 1401 321 1462 οὐ
340 1404 455 1482 τρομέω
477 1406 629 1480 Μενέλαον,
651 1409 694 1468 ὅτ’
719 1408 753 1469 ἂν
778 1409 859 1488 Τροίη
876 1433 915 1488 με
936 1411 1029 1494 νοηοη.

288 1493 375 1556 οἶσθα
396 1499 450 1578 γὰρ
471 1499 514 1567 ὡς
534 1501 681 1570 Μενέλαος
701 1503 854 1571 ἀνάλκιδός
873 1503 939 1564 ἐστι
959 1505 1123 1585 γενέθλης(

128 1649 240 1708 Contra
260 1649 419 1708 Schneider
439 1667 468 1722 p.
483 1657 549 1709 423.
570 1657 626 1708 424
646 1653 797 1724 impugnat
811 1653 890 1711 *hane
910 1655 1172 1726 transpositionem,
1192 1669 1257 1712 oum

129 1743 207 1800 enim
224 1736 337 1801 Heleno
357 1743 397 1830 ibi
418 1743 496 1801 dicat
510 1739 549 1824 Ιοὐ
570 1739 685 1819 τρομέω
700 1742 854 1817 Μενέλαον,
875 1742 919 1802 ὅτ’
944 1742 979 1803 ἂν
1003 1743 1085 1823 Τροίη
1102 1765 1140 1822 με
1161 1743 1257 1824 νοήοη,

130 1840 282 1907 »apertum
304 1841 349 1892 est
369 1851 424 1892 non
445 1842 505 1892 tam
525 1832 633 1892 niodo
653 1834 708 1912 γὰρ
728 1853 814 1909 qnam
834 1833 913 1894 eide
934 1837 988 1914 poio
1006 1845 1057 1897 aut
1069 1845 1150 1896 certe
1169 1835 1258 1896 aloda

129 1925 186 2003 γὰρ
207 1926 255 1984 καὶ
280 1926 318 1984 ού
345 1927 527 1987 scribendum
554 1928 581 1985 ei
601 1925 699 1985 fnisse.
740 1944 775 1986 ac
800 1927 930 2000 profecto
955 1946 1012 1987 non
1036 1931 1180 2002 perspicio
1205 1947 1258 1988 eur

128 2037 186 2078 nou
212 2027 312 2094 aptum
338 2023 441 2094 eiquo
466 2023 578 2093 positus
600 2029 644 2079 est
663 2021 727 2080 looo
751 2038 866 2079 versum
890 2022 993 2080 dicant.
1024 2023 1080 2079 imo
1102 2021 1171 2093 quid
1191 2039 1256 2080 eon·

129 2114 195 2172 silio
214 2115 339 2186 Paridis,
360 2116 502 2174 Helenam
523 2121 555 2172 ut
575 2121 746 2187 sequeretur
766 2132 798 2172 se
818 2115 992 2188 pellicientis
1013 2131 1133 2186 eamque
1155 2113 1255 2173 confir·

129 2209 244 2276 mentis,
265 2211 357 2280 magis
379 2210 475 2289 potuit
495 2210 648 2268 convenire
669 2225 754 2280 quam
775 2209 932 2268 admonere
946 2206 1081 2266 feminam
1094 2209 1191 2266 meriti
1205 2209 1256 2266 imn

130 2300 214 2358 bellis
235 2307 268 2359 ut
288 2302 337 2372 qui
357 2305 477 2375 propter
497 2301 571 2360 hanc
591 2318 671 2360 suam
693 2303 818 2361 indolem
835 2320 892 2361 non
906 2319 1029 2360 ausurus
1044 2307 1122 2360 esset
1137 2319 1254 2362 uxorem

130 2395 219 2452 armis
246 2401 382 2467 repetere
408 2401 437 2452 et
462 2393 581 2455 ulcisci?
614 2397 660 2453 oui
691 2395 877 2454 admonitioni
911 2397 1061 2469 aptissime
1087 2395 1255 2468 adiungitur

128 2487 217 2555 haec,
244 2503 320 2559 qnae
340 2495 369 2546 et
389 2489 454 2561 ipsa
478 2490 606 2561 pertinet
630 2489 668 2546 od
694 2487 916 2547 confirmandam
937 2489 1091 2547 Helenam:
1118 2485 1151 2544 οὐ
1172 2491 1254 2561 τοῖαι,

129 2582 149 2637 i.
171 2597 196 2638 e.
217 2597 272 2639 non
293 2581 454 2653 dedimiae,
479 2583 509 2640 in
530 2582 728 2654 Peloponneso
749 2588 816 2640 sunt
835 2581 966 2666 feminae.
1007 2597 1074 2638 nam
1094 2583 1148 2640 boo
1168 2598 1255 2653 quum

129 2674 205 2732 dicit
215 2674 311 2747 Paris,
331 2675 472 2733 Helenam
493 2675 564 2733 dicit
583 2675 768 2733 audaciorem
790 2690 854 2732 csse
875 2689 959 2744 quam
981 2689 1056 2744 quae
1070 2673 1107 2732 ob
1121 2674 1253 2731 relictum

128 2768 295 2826 Menelaum
325 2769 479 2841 quidquam
505 2769 607 2826 timere
633 2768 733 2840 possit.
773 2767 838 2824 hinc
863 2773 946 2839 patet
966 2767 1050 2824 simul
1069 2783 1126 2825 non
1145 2771 1256 2824 mutan·

133 2862 201 2919 dnm
223 2877 287 2919 esse
307 2857 340 2916 οὐ
361 2865 448 2934 τοῖοι,
472 2862 518 2919 eui
538 2861 567 2916 in
587 2859 745 2916 Mutinensi
767 2858 951 2916 substitutum
973 2857 1000 2914 εἰ
1017 2860 1105 2930 τοῖοι,
1127 2857 1157 2915 id
1177 2855 1254 2929 qnod

131 2955 314 3013 Hermannus
336 2954 545 3014 commendavit
564 2954 732 3026 recepitque
753 2953 901 3012 Lehrsins.
941 2951 1012 3010 illud
1033 2957 1130 3011 autem
1150 2951 1256 3026 permi-

127 3065 193 3107 rum
214 3055 267 3121 est,
289 3049 339 3121 qui
351 3049 478 3108 tolerare
491 3049 640 3122 potuerint
654 3049 780 3108 editores
801 3049 880 3108 istud
900 3047 1013 3125 ἀνδρῶν
1034 3044 1141 3111 aldor·
1153 3043 1257 3126 ἔχουσι

130 3159 156 3198 v.
178 3149 248 3214 302,
274 3158 340 3198 nam
366 3158 440 3214 qnae
466 3141 668 3201 infirmioribus
696 3158 781 3213 quam
802 3143 856 3199 viri
877 3148 1011 3200 crescunt
1030 3143 1166 3200 membris
1188 3157 1255 3212 quo·

129 3234 215 3293 modo
229 3236 353 3294 virorum
375 3237 532 3309 speciem
553 3236 664 3308 possint
677 3235 794 3306 habere,
816 3252 902 3307 quum
916 3237 1041 3294 virorum
1056 3234 1184 3293 membra
1199 3235 1256 3291 sint

128 3328 222 3402 firma,
243 3329 355 3388 infirme
375 3331 534 3403 mulierum,
556 3335 588 3387 ut
608 3345 643 3386 ex
663 3327 829 3386 infirmitate
849 3329 945 3386 statim
965 3333 1107 3400 appareat
1126 3325 1254 3383 mulieris

128 3424 253 3482 natura?
275 3441 347 3482 nnus
367 3425 441 3482 hano
462 3424 552 3482 sensit
569 3439 666 3480 rerum
687 3423 908 3495 repugnantiam
922 3420 1117 3493 Dausqueins‚
1138 3419 1187 3490 qni
1208 3417 1256 3474 xci

131 3503 186 3590 γὰρ
212 3513 479 3591 ἀρειοτέροισιν
499 3514 527 3571 ἀ.
545 3535 576 3590 μ.
603 3514 691 3572 scribi
717 3516 808 3573 voluit
833 3513 1024 3586 [improbatus
1048 3512 1255 3584 aLennepio].

130 3625 286 3668 verumne
311 3611 365 3668 hoo
389 3609 504 3681 quidem
526 3606 639 3666 sufficit.
670 3623 736 3665 nam
757 3624 843 3679 quum
863 3607 987 3680 probare
1001 3607 1084 3664 Paris
1105 3606 1176 3664 velit
1196 3622 1256 3664 mu·

131 3704 220 3762 lieres
240 3703 363 3776 Argivas
384 3720 440 3762 non
461 3719 524 3761 esse
545 3701 714 3774 ἀνάλκιδας,
740 3703 770 3758 in
790 3701 845 3759 hae
870 3700 1041 3774 probatione
1067 3716 1123 3757 non
1144 3699 1256 3771 species

130 3804 251 3856 externa
274 3797 413 3870 virorum,
439 3797 491 3856 scd
517 3796 628 3855 indoles
649 3796 736 3854 animi
757 3796 851 3852 locum
870 3794 967 3852 habet.
1009 3793 1108 3863 itaque
1129 3792 1256 3851 seriben-

130 3889 211 3948 dnm:
238 3887 353 3965 ἀνδρῶν
378 3885 468 3967 ἦθος
494 3884 609 3967 ἔχουσι,
637 3888 714 3946 unde
740 3887 837 3946 evadit
857 3903 931 3958 quac
951 3888 1035 3945 unice
1054 3887 1101 3944 hio
1121 3892 1191 3958 apta
1212 3892 1257 3944 est

132 3984 277 4042 sententia
298 3983 381 4041 talis:
401 4000 457 4042 non
478 3982 608 4040 imbelles
629 3988 695 4040 sunt
711 3983 740 4038 in
753 3982 952 4054 Peloponneso
966 3978 1099 4052 feminae,
1120 3995 1186 4037 nam
1201 3980 1255 4036 etsi

113 4076 333 4136 *infirmioribus
354 4084 488 4136 crescunt
507 4077 651 4148 membris,
672 4077 797 4134 virorum
815 4079 913 4132 tamen
929 4073 1054 4132 indolem
1073 4074 1255 4143 animumque
