3092 4662
749 299 961 364 ..52-

293 486 499 550 &mederum
525 491 643 546 secutus
667 501 744 557 sum,
767 485 823 544 nisi
847 484 924 556 quud
948 500 1012 542 cum
1040 483 1164 544 Lchrsio
1191 479 1245 540 οὐκ
1270 499 1324 558 pro
1351 479 1423 540 οὐδ’

292 613 427 688 praesen.
447 643 485 654 -
506 610 548 671 aa
568 609 668 669 urnac
692 609 826 688 οεηιαοω
845 611 892 682 nn
912 608 974 667 ωτι
994 609 1040 682 1ι;
1060 641 1098 652 -
1118 607 1158 668 as
1179 573 1310 668 111111
1331 615 1421 682 (coe.

292 705 326 764 M
341 711 371 778 2)
391 699 477 782 ἕχνος
488 705 531 764 Μ.
550 704 682 777 (corr.M
698 708 741 777 1);
761 701 867 780 δεσμὸν
880 699 1000 780 ἐρώτων
1020 701 1085 762 add.
1106 699 1170 761 Ma
1191 703 1221 761 in
1240 701 1281 761 M.
1297 703 1421 764 -Post

294 799 370 858 hunc
389 816 504 860 versum
516 799 636 874 Lenuep
656 798 796 858 excidisse
817 796 958 869 quaedam
975 796 1137 868 suspicatus
1153 800 1206 868 est,
1234 797 1334 854 »cuius
1354 797 1420 856 loce

294 897 429 950 cescum
454 892 562 952 habere
589 899 619 951 ei
642 891 765 951 stimulis
791 890 895 948 umoris
920 905 951 947 se
982 889 1111 946 homines
1141 890 1255 961 agitare
1285 887 1420 947 adfirmet

292 984 399 1044 Venus.
441 986 486 1046 Eo
510 1003 562 1046 nos
582 986 688 1044 ducere
708 985 822 1043 videtur
841 983 984 1058 particula
1000 980 1054 1059 μὲν
1079 999 1164 1041 versu
1186 990 1233 1055 92,
1259 999 1345 1054 quam
1371 982 1419 1039 hic

292 1079 421 1151 omnino,
442 1084 476 1137 ut
495 1080 604 1152 opinor,
625 1079 756 1138 comitari
775 1077 863 1135 debet
882 1074 924 1133 de‘.
955 1077 1038 1148 Quod
1059 1077 1084 1135 si
1104 1092 1213 1148 verum,
1235 1076 1283 1133 vix
1303 1075 1415 1148 dubito,

293 1171 362 1242 quin
381 1171 465 1230 simul
485 1172 525 1230 sit
536 1171 690 1243 legendum
701 1169 860 1247 μελίφρονα
878 1166 986 1245 θεσμὸν
999 1166 1119 1244 ἐρώτων
1133 1187 1219 1228 Versu
1233 1177 1279 1229 93.
1309 1170 1351 1229 Ut
1365 1187 1418 1228 au·

292 1271 351 1322 cem
374 1265 466 1324 robur
490 1263 612 1323 accedat
636 1265 818 1323 coniecturae
843 1263 1045 1336 praecedenti,
1076 1262 1181 1321 addam
1205 1264 1301 1322 locum
1328 1263 1415 1337 plane

292 1358 435 1429 geminum
459 1374 494 1417 ex
515 1363 614 1417 nostro
633 1362 722 1430 poeta
741 1374 767 1413 v.
783 1363 836 1415 161

497 1482 559 1541 ἀντὶ
575 1481 630 1559 μὲν
649 1480 770 1561 ἠνορέης
789 1478 893 1560 ἐρατὴν
913 1481 1079 1559 παράκοιτιν
1099 1479 1220 1540 ὀπάσσω

500 1574 561 1633 ἀντὶ
581 1573 615 1633 δὲ
636 1574 779 1653 κοιρανίης
793 1573 907 1652 Ἑλένης
926 1572 1062 1653 ἐπιβήσεο
1083 1575 1239 1654 λέκτρων(

293 1703 435 1776 Leunepii
464 1701 573 1780 θεσμόν
598 1702 731 1776 probavit
750 1703 898 1761 Hermann
923 1721 951 1777 p.
973 1711 1023 1775 13,
1051 1705 1096 1763 cui
1123 1704 1210 1762 etiam
1236 1703 1272 1762 de
1293 1706 1419 1764 lacunae

293 1796 457 1870 suspicione
477 1796 624 1869 persuasit
646 1795 774 1868 Leuuep,
797 1797 985 1869 »praesertim
1004 1797 1137 1856 Nonnum
1150 1796 1260 1855 XXXV
1282 1806 1339 1858 168
1354 1816 1419 1860 com

292 1893 422 1967 paranti:

853 1983 1015 2062 ἀπτόλεμος
1035 1983 1090 2061 γὰρ

442 2077 554 2156 ,Κύπρις
572 2075 716 2156 άοιστεύει
735 2077 819 2136 πλέον
831 2072 939 2154 Ἄρεος,
960 2074 1028 2135 οὐδὲ
1046 2075 1158 2156 χατιῖει

445 2171 574 2244 aaaron,
594 2168 628 2228 οὐ
645 2170 744 2248 μελίης
764 2168 834 2228 ποτὲ
853 2167 979 2227 δεύεται·
1001 2168 1166 2246 ἀμφότερον
1187 2167 1251 2245 γάρ,

446 2259 537 2341 ἔγχος
556 2260 625 2339 ε’μλν
644 2262 712 2320 πέλε
732 2261 846 2336 κάλλος,
866 2259 935 2338 ἐμὸν
955 2262 1038 2338 ξίφος
1058 2258 1160 2320 ἔπλετο
1177 2260 1286 2339 μορφη,

446 2355 495 2412 καί
512 2354 670 2432 βλεφάρων
690 2356 806 2423 ἀκτῖνες
825 2353 889 2432 ἐμοὶ
909 2354 1043 2433 γεγάασιν
1063 2353 1159 2414 ὀϊστοί
1161 2374 1167 2388 ·

441 2444 537 2523 μάζας
556 2446 699 2515 ἀκοντίζει
717 2447 801 2506 πλέον
821 2444 952 2528 ἔγχεος(

293 2574 412 2654 θεσμόν,
432 2581 509 2650 quud
528 2581 861 2655 1111111111111111611111Ἰ
880 2581 1025 2640 Julianum
1044 2586 1159 2638 secutus
1179 2579 1277 2653 reieci,
1295 2581 1368 2639 licei
1386 2586 1419 2639 et

292 2671 373 2745 apud
387 2670 538 2733 Musaeum
559 2677 680 2744 (1.147)
701 2681 731 2733 et
748 2675 825 2749 apud
838 2676 970 2733 Nouuum
990 2677 1036 2747 47,
1058 2676 1113 2734 2⁷0
1130 2672 1291 2751 μελίφρονα
1304 2671 1417 2749 θεσμὸν

293 2758 414 2840 ἐρώτων
434 2765 498 2835 (cfr.
518 2766 603 2825 Dion.
625 2774 651 2838 5,
667 2774 713 2826 96.
735 2775 779 2840 16,
794 2770 862 2839 242)
883 2768 1011 2839 legatum
1032 2767 1110 2840 apud
1124 2766 1177 2826 hos
1190 2773 1325 2826 auctores
1340 2769 1416 2826 enim
1523 2811 1524 2814 ,

294 2858 400 2914 amoris
414 2858 559 2929 mysteria
577 2857 719 2929 siguificat
743 2858 855 2934 θεσμὸς
874 2856 1009 2937 ἐρώτων,
1035 2867 1064 2920 et
1089 2877 1242 2932 numquam
1267 2878 1321 2934 pru
1342 2865 1417 2932 cesti

294 2949 479 3020 appositione
496 2956 672 3025 usurpatur,
697 2953 773 3024 quod
795 2959 825 3012 et
847 2954 903 3012 hoc
923 2953 1048 3014 Colluthi
1072 2955 1135 3014 lucc
1163 2960 1193 3012 et
1218 2954 1293 3012 inira
1316 2972 1343 3014 1.
1360 2956 1415 3013 157

292 3037 404 3098 factum
426 3049 512 3101 esset.
532 3075 569 3085 -
590 3041 632 3102 96
657 3045 737 3118 prius
768 3044 816 3102 xci
846 3063 901 3106 om.
923 3047 953 3106 (i.
974 3047 1109 3107 Graviter
1135 3048 1230 3106 iudice
1249 3048 1416 3106 Hermanno

293 3136 336 3207 (p.
352 3138 401 3208 14)
424 3143 576 3210 corruptus
597 3144 642 3196 est
654 3137 702 3197 hic
713 3155 813 3198 uersus
835 3141 881 3198 »iu
901 3157 957 3212 quo
977 3141 1003 3199 si
1023 3138 1084 3198 duri
1102 3139 1207 3219 αἰχμῆς
1226 3136 1332 3197 κεστὸν
1351 3133 1416 3216 ἔχω

292 3228 496 3302 coniungenda
521 3237 601 3305 suut,
627 3233 691 3304 quis
715 3249 773 3292 non
797 3234 877 3293 uidet
902 3235 1001 3308 inepte
1026 3233 1114 3292 adiici
1139 3231 1188 3290 xci
1209 3227 1328 3309 κέντρον
1350 3226 1415 3310 ἔχω

289 3320 341 3378 Ικαί
360 3320 445 3391 τόξον
471 3322 581 3401 dammi
605 3326 649 3384 sin
674 3326 781 3386 excidii
805 3327 914 3399 aliquid
938 3331 1005 3386 anie
1032 3323 1135 3383 κεστὸν
1163 3321 1244 3402 ἔχω,
1273 3327 1337 3398 quis
1357 3343 1415 3386 non

292 3416 388 3488 potius
409 3418 468 3476 'teli
494 3433 599 3490 genus,
623 3423 657 3476 ut
680 3419 710 3474 in
736 3420 850 3490 reliqua
873 3424 958 3493 perte
988 3435 1103 3492 versus,
1132 3420 1412 3480 commemorandum

292 3501 380 3564 fuisse
399 3509 566 3583 intelligat?
594 3510 759 3582 acumen,
780 3511 836 3570 uisi
855 3509 954 3584 fuller,
974 3513 1070 3571 omnia
1090 3511 1202 3571 sincera
1222 3518 1306 3583 sunt,
1327 3512 1412 3573 modo

292 3603 372 3656 recte
391 3600 646 3675 interpuugautur:
853 3601 914 3662 ἀντὶ
930 3603 984 3681 μὲν
1004 3604 1118 3684 αἰχμῆς,

447 3689 489 3759 ὡς
509 3692 580 3752 θοὸν
600 3687 690 3774 ἔγχος
709 3691 820 3774 ἔχουσα
836 3694 995 3773 μελίφρονα
1015 3695 1124 3773 θεσμὸν
1143 3693 1274 3774 ἐρώτων,

444 3784 548 3846 κεστὸν
569 3782 645 3866 ἔχω·
667 3786 716 3846 καλ
737 3787 856 3865 κέντρον
876 3785 939 3864 ἄγω
959 3787 1007 3846 καλ
1027 3788 1110 3860 τάξον
1129 3789 1220 3868 ἀείσω

446 3877 559 3937 κεστόν.

292 4001 350 4064 Pro
364 4004 491 4078 cuspide,
511 4007 615 4080 iuquit,
633 4011 788 4085 cingulum,
807 4009 910 4071 hastae
922 4011 1014 4072 instar
1025 4011 1146 4074 foedere
1162 4015 1268 4074 amoris
1293 4014 1414 4084 habeus,
1518 4061 1519 4127 η
