<?xml version="1.0" encoding="UTF-8"?>
<!DOCTYPE html PUBLIC "-//W3C//DTD XHTML 1.0 Transitional//EN"
    "http://www.w3.org/TR/xhtml1/DTD/xhtml1-transitional.dtd">
<html xmlns="http://www.w3.org/1999/xhtml" xml:lang="en" lang="en">
 <head>
  <title>
</title>
<meta http-equiv="Content-Type" content="text/html;charset=utf-8" />
  <meta name='ocr-system' content='tesseract 3.04.00' />
  <meta name='ocr-capabilities' content='ocr_page ocr_carea ocr_par ocr_line ocrx_word'/>
</head>
<body>
  <div class='ocr_page' id='page_1' title='image "./colluthilycopol00collgoog_0091.png"; bbox 0 0 3078 4654; ppageno 0'>
   <div class='ocr_carea' id='block_1_1' title="bbox 607 352 817 415">
    <p class='ocr_par' dir='ltr' id='par_1_1' title="bbox 607 352 817 415">
     <span class='ocr_line' id='line_1_1' title="bbox 607 352 817 415; baseline 0 -17"><span class='ocrx_word' id='word_1_1' title='bbox 607 352 817 415; x_wconf 82' lang='grc'>..87-</span> 
     </span>
    </p>
   </div>
   <div class='ocr_carea' id='block_1_2' title="bbox 149 535 1277 1169">
    <p class='ocr_par' dir='ltr' id='par_1_2' title="bbox 149 535 1277 1169">
     <span class='ocr_line' id='line_1_2' title="bbox 149 535 1276 611; baseline 0 -15"><span class='ocrx_word' id='word_1_2' title='bbox 149 537 359 610; x_wconf 85' lang='lat' dir='ltr'>Erymanthum</span> <span class='ocrx_word' id='word_1_3' title='bbox 380 553 445 596; x_wconf 92' lang='lat' dir='ltr'>cum</span> <span class='ocrx_word' id='word_1_4' title='bbox 458 536 571 610; x_wconf 89' lang='lat' dir='ltr'>Alpheo</span> <span class='ocrx_word' id='word_1_5' title='bbox 585 553 603 596; x_wconf 97' lang='lat' dir='ltr'>a</span> <span class='ocrx_word' id='word_1_6' title='bbox 621 542 709 610; x_wconf 78' lang='lat' dir='ltr'>poeta</span> <span class='ocrx_word' id='word_1_7' title='bbox 729 535 872 610; x_wconf 75' lang='lat' dir='ltr'>contrudi,</span> <span class='ocrx_word' id='word_1_8' title='bbox 894 543 945 597; x_wconf 87' lang='lat' dir='ltr'>aut</span> <span class='ocrx_word' id='word_1_9' title='bbox 958 535 1061 597; x_wconf 85' lang='lat' dir='ltr'>referri</span> <span class='ocrx_word' id='word_1_10' title='bbox 1074 536 1148 596; x_wconf 86' lang='lat' dir='ltr'>adeo</span> <span class='ocrx_word' id='word_1_11' title='bbox 1161 539 1276 611; x_wconf 77' lang='lat' dir='ltr'>poetico</span> 
     </span>
     <span class='ocr_line' id='line_1_3' title="bbox 150 629 1277 704; baseline 0.003 -17"><span class='ocrx_word' id='word_1_12' title='bbox 150 629 188 688; x_wconf 91' lang='lat' dir='ltr'>ad</span> <span class='ocrx_word' id='word_1_13' title='bbox 208 631 288 688; x_wconf 91' lang='lat' dir='ltr'>illum</span> <span class='ocrx_word' id='word_1_14' title='bbox 307 630 347 703; x_wconf 91' lang='lat' dir='ltr'>id,</span> <span class='ocrx_word' id='word_1_15' title='bbox 368 629 445 702; x_wconf 91' lang='lat' dir='ltr'>quod</span> <span class='ocrx_word' id='word_1_16' title='bbox 464 630 594 702; x_wconf 86' lang='lat' dir='ltr'><strong>proxime</strong></span> <span class='ocrx_word' id='word_1_17' title='bbox 615 629 653 688; x_wconf 89' lang='lat' dir='ltr'>ad</span> <span class='ocrx_word' id='word_1_18' title='bbox 669 631 745 688; x_wconf 91' lang='lat' dir='ltr'>huno</span> <span class='ocrx_word' id='word_1_19' title='bbox 758 631 931 704; x_wconf 78' lang='lat' dir='ltr'>pertinebat.</span> <span class='ocrx_word' id='word_1_20' title='bbox 961 631 1068 690; x_wconf 88' lang='lat' dir='ltr'>Verum</span> <span class='ocrx_word' id='word_1_21' title='bbox 1085 631 1141 690; x_wconf 90' lang='lat' dir='ltr'>etsi</span> <span class='ocrx_word' id='word_1_22' title='bbox 1154 632 1196 690; x_wconf 91' lang='lat' dir='ltr'>sio</span> <span class='ocrx_word' id='word_1_23' title='bbox 1208 632 1277 690; x_wconf 93' lang='lat' dir='ltr'>huic</span> 
     </span>
     <span class='ocr_line' id='line_1_4' title="bbox 150 721 1276 797; baseline 0.002 -15"><span class='ocrx_word' id='word_1_24' title='bbox 150 721 266 782; x_wconf 82' lang='lat' dir='ltr'>Goluthi</span> <span class='ocrx_word' id='word_1_25' title='bbox 287 722 485 796; x_wconf 78' lang='lat' dir='ltr'>geographiae</span> <span class='ocrx_word' id='word_1_26' title='bbox 504 723 566 781; x_wconf 88' lang='lat' dir='ltr'>veri</span> <span class='ocrx_word' id='word_1_27' title='bbox 580 723 692 796; x_wconf 88' lang='lat' dir='ltr'>species</span> <span class='ocrx_word' id='word_1_28' title='bbox 712 723 815 783; x_wconf 90' lang='lat' dir='ltr'>subiici</span> <span class='ocrx_word' id='word_1_29' title='bbox 834 724 962 797; x_wconf 69' lang='lat' dir='ltr'>videtum</span> <span class='ocrx_word' id='word_1_30' title='bbox 983 725 1158 786; x_wconf 82' lang='lat' dir='ltr'>constructio</span> <span class='ocrx_word' id='word_1_31' title='bbox 1178 731 1276 784; x_wconf 85' lang='lat' dir='ltr'>tamen</span> 
     </span>
     <span class='ocr_line' id='line_1_5' title="bbox 149 814 1276 890; baseline 0 -15"><span class='ocrx_word' id='word_1_32' title='bbox 149 814 371 890; x_wconf 84' lang='lat' dir='ltr'>impeditissima</span> <span class='ocrx_word' id='word_1_33' title='bbox 390 821 495 876; x_wconf 89' lang='lat' dir='ltr'>manet.</span> <span class='ocrx_word' id='word_1_34' title='bbox 526 815 663 889; x_wconf 82' lang='lat' dir='ltr'>Suspicor</span> <span class='ocrx_word' id='word_1_35' title='bbox 683 817 791 890; x_wconf 87' lang='lat' dir='ltr'>itaque,</span> <span class='ocrx_word' id='word_1_36' title='bbox 814 819 907 876; x_wconf 88' lang='lat' dir='ltr'>latere</span> <span class='ocrx_word' id='word_1_37' title='bbox 927 819 957 876; x_wconf 95' lang='lat' dir='ltr'>in</span> <span class='ocrx_word' id='word_1_38' title='bbox 978 819 1091 877; x_wconf 91' lang='lat' dir='ltr'>nomine</span> <span class='ocrx_word' id='word_1_39' title='bbox 1104 817 1276 890; x_wconf 80' lang='lat' dir='ltr'>Erymanthi</span> 
     </span>
     <span class='ocr_line' id='line_1_6' title="bbox 150 909 1276 984; baseline 0.002 -16"><span class='ocrx_word' id='word_1_40' title='bbox 150 915 202 968; x_wconf 87' lang='lat' dir='ltr'>aut</span> <span class='ocrx_word' id='word_1_41' title='bbox 221 925 326 969; x_wconf 91' lang='lat' dir='ltr'>nomen</span> <span class='ocrx_word' id='word_1_42' title='bbox 346 909 495 983; x_wconf 90' lang='lat' dir='ltr'>proprium</span> <span class='ocrx_word' id='word_1_43' title='bbox 514 909 584 980; x_wconf 92' lang='lat' dir='ltr'>loci,</span> <span class='ocrx_word' id='word_1_44' title='bbox 605 925 662 968; x_wconf 90' lang='lat' dir='ltr'>nou</span> <span class='ocrx_word' id='word_1_45' title='bbox 681 909 766 972; x_wconf 89' lang='lat' dir='ltr'>nimis</span> <span class='ocrx_word' id='word_1_46' title='bbox 787 911 890 970; x_wconf 90' lang='lat' dir='ltr'>remoti</span> <span class='ocrx_word' id='word_1_47' title='bbox 910 910 946 968; x_wconf 95' lang='lat' dir='ltr'>ab</span> <span class='ocrx_word' id='word_1_48' title='bbox 967 911 1097 970; x_wconf 84' lang='lat' dir='ltr'>Eurotae</span> <span class='ocrx_word' id='word_1_49' title='bbox 1116 911 1207 984; x_wconf 87' lang='lat' dir='ltr'>ostio,</span> <span class='ocrx_word' id='word_1_50' title='bbox 1227 923 1276 970; x_wconf 75' lang='lat' dir='ltr'>vc·&#39;</span> 
     </span>
     <span class='ocr_line' id='line_1_7' title="bbox 151 998 1272 1078; baseline 0.004 -20"><span class='ocrx_word' id='word_1_51' title='bbox 151 1002 207 1060; x_wconf 88' lang='lat' dir='ltr'>luti</span> <span class='ocrx_word' id='word_1_52' title='bbox 228 998 445 1078; x_wconf 80' lang='grc' dir='ltr'><em>Ψαμαθοῦντος,</em></span> <span class='ocrx_word' id='word_1_53' title='bbox 466 1006 517 1059; x_wconf 86' lang='lat' dir='ltr'>ant</span> <span class='ocrx_word' id='word_1_54' title='bbox 531 1001 607 1073; x_wconf 90' lang='lat' dir='ltr'>quod</span> <span class='ocrx_word' id='word_1_55' title='bbox 627 1000 740 1060; x_wconf 82' lang='lat' dir='ltr'>facilius</span> <span class='ocrx_word' id='word_1_56' title='bbox 760 1003 884 1076; x_wconf 88' lang='lat' dir='ltr'>videtur,</span> <span class='ocrx_word' id='word_1_57' title='bbox 905 1003 1055 1077; x_wconf 89' lang='lat' dir='ltr'>epitheton</span> <span class='ocrx_word' id='word_1_58' title='bbox 1068 1003 1272 1078; x_wconf 90' lang='lat' dir='ltr'>praecedentis</span> 
     </span>
     <span class='ocr_line' id='line_1_8' title="bbox 151 1094 1057 1169; baseline 0.003 -16"><span class='ocrx_word' id='word_1_59' title='bbox 151 1094 325 1154; x_wconf 87' lang='lat' dir='ltr'>substantivi</span> <span class='ocrx_word' id='word_1_60' title='bbox 345 1095 524 1168; x_wconf 85' lang='lat' dir='ltr'>exquisitius,</span> <span class='ocrx_word' id='word_1_61' title='bbox 544 1099 577 1152; x_wconf 88' lang='lat' dir='ltr'>ut</span> <span class='ocrx_word' id='word_1_62' title='bbox 596 1111 682 1153; x_wconf 91' lang='lat' dir='ltr'>versu</span> <span class='ocrx_word' id='word_1_63' title='bbox 701 1098 878 1169; x_wconf 83' lang='lat' dir='ltr'>uansposito</span> <span class='ocrx_word' id='word_1_64' title='bbox 899 1096 1057 1156; x_wconf 87' lang='lat' dir='ltr'>scribatur:</span> 
     </span>
    </p>
   </div>
   <div class='ocr_carea' id='block_1_3' title="bbox 149 1201 1277 2412">
    <p class='ocr_par' dir='ltr' id='par_1_3' title="bbox 344 1201 1099 1284">
     <span class='ocr_line' id='line_1_9' title="bbox 344 1201 1099 1284; baseline 0.001 -21"><span class='ocrx_word' id='word_1_65' title='bbox 344 1201 429 1264; x_wconf 77' lang='grc' dir='ltr'><em>ἔνθεν</em></span> <span class='ocrx_word' id='word_1_66' title='bbox 449 1203 654 1283; x_wconf 78' lang='grc' dir='ltr'><em>ἀνερχομένοιο</em></span> <span class='ocrx_word' id='word_1_67' title='bbox 674 1202 736 1283; x_wconf 88' lang='grc' dir='ltr'><em>παρ’</em></span> <span class='ocrx_word' id='word_1_68' title='bbox 761 1205 895 1282; x_wconf 78' lang='grc' dir='ltr'><em>εἰαμενὰς</em></span> <span class='ocrx_word' id='word_1_69' title='bbox 914 1204 1099 1284; x_wconf 79' lang='grc' dir='ltr'><em>ἐριανθεῖς</em></span> 
     </span>
    </p>

    <p class='ocr_par' dir='ltr' id='par_1_4' title="bbox 345 1293 1127 1376">
     <span class='ocr_line' id='line_1_10' title="bbox 345 1293 1127 1376; baseline 0.003 -21"><span class='ocrx_word' id='word_1_70' title='bbox 345 1295 510 1376; x_wconf 73' lang='grc' dir='ltr'><em>κεκλιμένην</em></span> <span class='ocrx_word' id='word_1_71' title='bbox 530 1293 648 1374; x_wconf 77' lang='grc' dir='ltr'><em>ἐνόησεν</em></span> <span class='ocrx_word' id='word_1_72' title='bbox 668 1293 712 1354; x_wconf 68' lang='grc' dir='ltr'>ἐπ’</span> <span class='ocrx_word' id='word_1_73' title='bbox 725 1295 864 1375; x_wconf 76' lang='grc' dir='ltr'><em>Εὐρώταο</em></span> <span class='ocrx_word' id='word_1_74' title='bbox 881 1298 1019 1376; x_wconf 78' lang='grc' dir='ltr'><em>ῥεέθροις</em></span> <span class='ocrx_word' id='word_1_75' title='bbox 1125 1359 1127 1363; x_wconf 67' lang='grc'>,</span> 
     </span>
    </p>

    <p class='ocr_par' dir='ltr' id='par_1_5' title="bbox 149 1387 1277 2412">
     <span class='ocr_line' id='line_1_11' title="bbox 344 1387 1103 1469; baseline 0.004 -21"><span class='ocrx_word' id='word_1_76' title='bbox 344 1389 477 1468; x_wconf 83' lang='grc' dir='ltr'><em>Σπάρτην</em></span> <span class='ocrx_word' id='word_1_77' title='bbox 497 1387 706 1466; x_wconf 73' lang='grc' dir='ltr'><em>καλλιγύναικα,</em></span> <span class='ocrx_word' id='word_1_78' title='bbox 727 1389 807 1469; x_wconf 82' lang='grc' dir='ltr'><em>φίλην</em></span> <span class='ocrx_word' id='word_1_79' title='bbox 828 1391 906 1450; x_wconf 90' lang='grc' dir='ltr'><em>πόλιν</em></span> <span class='ocrx_word' id='word_1_80' title='bbox 925 1388 1103 1469; x_wconf 79' lang='grc' dir='ltr'><em>Ἀτρείωνος.</em></span> 
     </span>
     <span class='ocr_line' id='line_1_12' title="bbox 151 1499 1276 1584; baseline 0.001 -21"><span class='ocrx_word' id='word_1_81' title='bbox 151 1502 265 1563; x_wconf 83' lang='lat' dir='ltr'>Adiect.</span> <span class='ocrx_word' id='word_1_82' title='bbox 305 1499 441 1579; x_wconf 76' lang='grc' dir='ltr'><em>ἐριανόης</em></span> <span class='ocrx_word' id='word_1_83' title='bbox 461 1503 615 1574; x_wconf 83' lang='lat' dir='ltr'>analogiae</span> <span class='ocrx_word' id='word_1_84' title='bbox 640 1504 774 1562; x_wconf 83' lang='lat' dir='ltr'>convenit</span> <span class='ocrx_word' id='word_1_85' title='bbox 794 1507 827 1560; x_wconf 85' lang='lat' dir='ltr'>ut</span> <span class='ocrx_word' id='word_1_86' title='bbox 850 1499 987 1580; x_wconf 79' lang='grc' dir='ltr'><em>έριθαλης</em></span> <span class='ocrx_word' id='word_1_87' title='bbox 1012 1508 1041 1562; x_wconf 88' lang='lat' dir='ltr'>et</span> <span class='ocrx_word' id='word_1_88' title='bbox 1066 1499 1204 1584; x_wconf 72' lang='grc' dir='ltr'><em>ἐριθηλής</em></span> <span class='ocrx_word' id='word_1_89' title='bbox 1228 1520 1276 1579; x_wconf 85' lang='lat' dir='ltr'>ap.</span> 
     </span>
     <span class='ocr_line' id='line_1_13' title="bbox 149 1592 1276 1670; baseline -0.002 -14"><span class='ocrx_word' id='word_1_90' title='bbox 149 1597 275 1670; x_wconf 86' lang='lat' dir='ltr'>Hesych.</span> <span class='ocrx_word' id='word_1_91' title='bbox 301 1597 398 1656; x_wconf 87' lang='lat' dir='ltr'>Nolim</span> <span class='ocrx_word' id='word_1_92' title='bbox 411 1598 521 1669; x_wconf 88' lang='lat' dir='ltr'>itaque</span> <span class='ocrx_word' id='word_1_93' title='bbox 545 1595 651 1656; x_wconf 82' lang='lat' dir='ltr'>formas</span> <span class='ocrx_word' id='word_1_94' title='bbox 677 1598 845 1656; x_wconf 87' lang='lat' dir='ltr'>usitatiores</span> <span class='ocrx_word' id='word_1_95' title='bbox 870 1592 1003 1660; x_wconf 77' lang='grc' dir='ltr'><em>εὐανθεῖς</em></span> <span class='ocrx_word' id='word_1_96' title='bbox 1028 1600 1079 1654; x_wconf 91' lang='lat' dir='ltr'>aut</span> <span class='ocrx_word' id='word_1_97' title='bbox 1104 1596 1276 1663; x_wconf 80' lang='grc' dir='ltr'><em>πολοανόεῒς</em></span> 
     </span>
     <span class='ocr_line' id='line_1_14' title="bbox 150 1687 1275 1768; baseline -0.001 -19"><span class='ocrx_word' id='word_1_98' title='bbox 150 1691 198 1749; x_wconf 92' lang='lat' dir='ltr'>hio</span> <span class='ocrx_word' id='word_1_99' title='bbox 223 1688 339 1748; x_wconf 89' lang='lat' dir='ltr'>inferre.</span> <span class='ocrx_word' id='word_1_100' title='bbox 379 1691 440 1749; x_wconf 92' lang='lat' dir='ltr'>Iam</span> <span class='ocrx_word' id='word_1_101' title='bbox 459 1691 584 1750; x_wconf 84' lang='lat' dir='ltr'>Eurotas</span> <span class='ocrx_word' id='word_1_102' title='bbox 609 1690 715 1749; x_wconf 88' lang='lat' dir='ltr'>dicitur</span> <span class='ocrx_word' id='word_1_103' title='bbox 739 1687 917 1768; x_wconf 70' lang='grc' dir='ltr'><em>ἀνέρχεσθαι</em></span> <span class='ocrx_word' id='word_1_104' title='bbox 939 1687 1003 1765; x_wconf 77' lang='grc' dir='ltr'><em>παρ’</em></span> <span class='ocrx_word' id='word_1_105' title='bbox 1023 1688 1158 1765; x_wconf 80' lang='grc' dir='ltr'><em>εἰαμενὰς</em></span> <span class='ocrx_word' id='word_1_106' title='bbox 1183 1689 1275 1766; x_wconf 82' lang='grc' dir='ltr'><em>ἐριαν·</em></span> 
     </span>
     <span class='ocr_line' id='line_1_15' title="bbox 150 1781 1273 1860; baseline 0.003 -21"><span class='ocrx_word' id='word_1_107' title='bbox 150 1781 224 1856; x_wconf 78' lang='grc' dir='ltr'><em>θεῖς,</em></span> <span class='ocrx_word' id='word_1_108' title='bbox 246 1790 387 1855; x_wconf 87' lang='lat' dir='ltr'>quatenus</span> <span class='ocrx_word' id='word_1_109' title='bbox 401 1783 484 1842; x_wconf 89' lang='lat' dir='ltr'>Paris</span> <span class='ocrx_word' id='word_1_110' title='bbox 505 1783 541 1842; x_wconf 89' lang='lat' dir='ltr'>ab</span> <span class='ocrx_word' id='word_1_111' title='bbox 562 1785 636 1843; x_wconf 87' lang='lat' dir='ltr'>ostio</span> <span class='ocrx_word' id='word_1_112' title='bbox 657 1782 782 1842; x_wconf 89' lang='lat' dir='ltr'>fluminis</span> <span class='ocrx_word' id='word_1_113' title='bbox 803 1799 902 1841; x_wconf 91' lang='lat' dir='ltr'>versus</span> <span class='ocrx_word' id='word_1_114' title='bbox 915 1781 1015 1841; x_wconf 83' lang='lat' dir='ltr'>urbem</span> <span class='ocrx_word' id='word_1_115' title='bbox 1030 1782 1170 1856; x_wconf 88' lang='lat' dir='ltr'>ascendit,</span> <span class='ocrx_word' id='word_1_116' title='bbox 1191 1783 1273 1860; x_wconf 64' lang='grc' dir='ltr'><em>ἀνέο-</em></span> 
     </span>
     <span class='ocr_line' id='line_1_16' title="bbox 149 1875 1276 1954; baseline 0.004 -22"><span class='ocrx_word' id='word_1_117' title='bbox 149 1893 253 1954; x_wconf 86' lang='grc' dir='ltr'><em>χεται,</em></span> <span class='ocrx_word' id='word_1_118' title='bbox 279 1882 309 1935; x_wconf 92' lang='lat' dir='ltr'>et</span> <span class='ocrx_word' id='word_1_119' title='bbox 334 1878 376 1934; x_wconf 92' lang='lat' dir='ltr'>sio</span> <span class='ocrx_word' id='word_1_120' title='bbox 401 1877 429 1934; x_wconf 90' lang='lat' dir='ltr'>ei</span> <span class='ocrx_word' id='word_1_121' title='bbox 450 1875 552 1935; x_wconf 90' lang='lat' dir='ltr'>fluvius</span> <span class='ocrx_word' id='word_1_122' title='bbox 578 1876 717 1935; x_wconf 91' lang='lat' dir='ltr'>adversus</span> <span class='ocrx_word' id='word_1_123' title='bbox 743 1877 848 1934; x_wconf 90' lang='lat' dir='ltr'>sensim</span> <span class='ocrx_word' id='word_1_124' title='bbox 874 1892 905 1934; x_wconf 91' lang='lat' dir='ltr'>se</span> <span class='ocrx_word' id='word_1_125' title='bbox 931 1877 1094 1947; x_wconf 85' lang='lat' dir='ltr'>sensimque</span> <span class='ocrx_word' id='word_1_126' title='bbox 1121 1893 1212 1948; x_wconf 88' lang='lat' dir='ltr'>usque</span> <span class='ocrx_word' id='word_1_127' title='bbox 1238 1878 1276 1936; x_wconf 91' lang='lat' dir='ltr'>ad</span> 
     </span>
     <span class='ocr_line' id='line_1_17' title="bbox 151 1967 1277 2044; baseline 0.001 -18"><span class='ocrx_word' id='word_1_128' title='bbox 151 1969 252 2028; x_wconf 92' lang='lat' dir='ltr'>urbem</span> <span class='ocrx_word' id='word_1_129' title='bbox 278 1971 383 2043; x_wconf 88' lang='lat' dir='ltr'>aperit.</span> <span class='ocrx_word' id='word_1_130' title='bbox 422 1971 514 2029; x_wconf 87' lang='lat' dir='ltr'>Recte</span> <span class='ocrx_word' id='word_1_131' title='bbox 540 1986 608 2029; x_wconf 91' lang='lat' dir='ltr'>vero</span> <span class='ocrx_word' id='word_1_132' title='bbox 634 1967 766 2044; x_wconf 79' lang='grc' dir='ltr'><em>ελαμεναί</em></span> <span class='ocrx_word' id='word_1_133' title='bbox 787 1973 853 2026; x_wconf 90' lang='lat' dir='ltr'>sunt</span> <span class='ocrx_word' id='word_1_134' title='bbox 876 1969 940 2027; x_wconf 92' lang='lat' dir='ltr'>loca</span> <span class='ocrx_word' id='word_1_135' title='bbox 965 1969 1016 2026; x_wconf 92' lang='lat' dir='ltr'>illa</span> <span class='ocrx_word' id='word_1_136' title='bbox 1041 1969 1225 2042; x_wconf 85' lang='lat' dir='ltr'>depressiora</span> <span class='ocrx_word' id='word_1_137' title='bbox 1246 1976 1277 2029; x_wconf 92' lang='lat' dir='ltr'>et</span> 
     </span>
     <span class='ocr_line' id='line_1_18' title="bbox 151 2059 1276 2135; baseline 0.002 -15"><span class='ocrx_word' id='word_1_138' title='bbox 151 2061 216 2121; x_wconf 86' lang='lat' dir='ltr'>iere</span> <span class='ocrx_word' id='word_1_139' title='bbox 236 2063 378 2135; x_wconf 90' lang='lat' dir='ltr'>paludosa</span> <span class='ocrx_word' id='word_1_140' title='bbox 398 2062 436 2123; x_wconf 90' lang='lat' dir='ltr'>ad</span> <span class='ocrx_word' id='word_1_141' title='bbox 449 2063 598 2135; x_wconf 91' lang='lat' dir='ltr'>Eurotam,</span> <span class='ocrx_word' id='word_1_142' title='bbox 620 2078 694 2135; x_wconf 92' lang='lat' dir='ltr'>quae</span> <span class='ocrx_word' id='word_1_143' title='bbox 708 2063 793 2134; x_wconf 91' lang='lat' dir='ltr'>louge</span> <span class='ocrx_word' id='word_1_144' title='bbox 807 2063 924 2133; x_wconf 89' lang='lat' dir='ltr'>lateque</span> <span class='ocrx_word' id='word_1_145' title='bbox 938 2059 1049 2120; x_wconf 89' lang='lat' dir='ltr'>floridis</span> <span class='ocrx_word' id='word_1_146' title='bbox 1062 2063 1155 2134; x_wconf 90' lang='lat' dir='ltr'>pratis</span> <span class='ocrx_word' id='word_1_147' title='bbox 1169 2064 1276 2122; x_wconf 85' lang='lat' dir='ltr'>vestita</span> 
     </span>
     <span class='ocr_line' id='line_1_19' title="bbox 150 2153 1275 2228; baseline 0.002 -16"><span class='ocrx_word' id='word_1_148' title='bbox 150 2153 252 2227; x_wconf 86' lang='lat' dir='ltr'>fuisse,</span> <span class='ocrx_word' id='word_1_149' title='bbox 273 2155 424 2228; x_wconf 88' lang='lat' dir='ltr'>probabile</span> <span class='ocrx_word' id='word_1_150' title='bbox 445 2161 498 2214; x_wconf 91' lang='lat' dir='ltr'>est.</span> <span class='ocrx_word' id='word_1_151' title='bbox 528 2157 574 2215; x_wconf 90' lang='lat' dir='ltr'>lta</span> <span class='ocrx_word' id='word_1_152' title='bbox 593 2157 666 2215; x_wconf 88' lang='lat' dir='ltr'>haec</span> <span class='ocrx_word' id='word_1_153' title='bbox 686 2154 806 2214; x_wconf 84' lang='lat' dir='ltr'>terenda</span> <span class='ocrx_word' id='word_1_154' title='bbox 826 2155 968 2227; x_wconf 90' lang='lat' dir='ltr'>videntur,</span> <span class='ocrx_word' id='word_1_155' title='bbox 992 2156 1049 2213; x_wconf 89' lang='lat' dir='ltr'>etsi</span> <span class='ocrx_word' id='word_1_156' title='bbox 1069 2157 1166 2214; x_wconf 91' lang='lat' dir='ltr'>malim</span> <span class='ocrx_word' id='word_1_157' title='bbox 1181 2172 1197 2214; x_wconf 91' lang='lat' dir='ltr'>e</span> <span class='ocrx_word' id='word_1_158' title='bbox 1211 2156 1275 2216; x_wconf 90' lang='lat' dir='ltr'>cod.</span> 
     </span>
     <span class='ocr_line' id='line_1_20' title="bbox 150 2243 1274 2327; baseline 0 -19"><span class='ocrx_word' id='word_1_159' title='bbox 150 2247 263 2308; x_wconf 80' lang='lat' dir='ltr'>offerri:</span> <span class='ocrx_word' id='word_1_160' title='bbox 284 2243 372 2306; x_wconf 76' lang='grc' dir='ltr'><em>ἔνθα</em></span> <span class='ocrx_word' id='word_1_161' title='bbox 392 2247 641 2327; x_wconf 86' lang='grc' dir='ltr'><em>κατερχομένοιο.</em></span> <span class='ocrx_word' id='word_1_162' title='bbox 671 2248 796 2308; x_wconf 88' lang='lat' dir='ltr'>Efficere</span> <span class='ocrx_word' id='word_1_163' title='bbox 817 2250 901 2321; x_wconf 91' lang='lat' dir='ltr'>euim,</span> <span class='ocrx_word' id='word_1_164' title='bbox 921 2255 954 2307; x_wconf 88' lang='lat' dir='ltr'>ut</span> <span class='ocrx_word' id='word_1_165' title='bbox 967 2249 1154 2322; x_wconf 88' lang='lat' dir='ltr'>participium</span> <span class='ocrx_word' id='word_1_166' title='bbox 1168 2249 1204 2308; x_wconf 90' lang='lat' dir='ltr'>de</span> <span class='ocrx_word' id='word_1_167' title='bbox 1218 2250 1274 2308; x_wconf 93' lang='lat' dir='ltr'>Pa·</span> 
     </span>
     <span class='ocr_line' id='line_1_21' title="bbox 150 2341 473 2412; baseline 0.006 -14"><span class='ocrx_word' id='word_1_168' title='bbox 150 2341 209 2400; x_wconf 90' lang='lat' dir='ltr'>ridi</span> <span class='ocrx_word' id='word_1_169' title='bbox 228 2341 350 2412; x_wconf 91' lang='lat' dir='ltr'>dicatur,</span> <span class='ocrx_word' id='word_1_170' title='bbox 371 2343 473 2401; x_wconf 88' lang='lat' dir='ltr'>veluti:</span> 
     </span>
    </p>
   </div>
   <div class='ocr_carea' id='block_1_4' title="bbox 306 2448 1096 2531">
    <p class='ocr_par' dir='ltr' id='par_1_6' title="bbox 306 2448 1096 2531">
     <span class='ocr_line' id='line_1_22' title="bbox 306 2448 1096 2531; baseline 0.001 -21"><span class='ocrx_word' id='word_1_171' title='bbox 306 2448 398 2525; x_wconf 77' lang='grc' dir='ltr'><em>ἔνθεν,</em></span> <span class='ocrx_word' id='word_1_172' title='bbox 414 2448 640 2531; x_wconf 81' lang='grc' dir='ltr'><em>’ἀνερχόμενος</em></span> <span class='ocrx_word' id='word_1_173' title='bbox 660 2451 770 2531; x_wconf 83' lang='grc' dir='ltr'><em>Πάρις</em></span> <span class='ocrx_word' id='word_1_174' title='bbox 789 2452 923 2528; x_wconf 77' lang='grc' dir='ltr'><em>εἰαμενὰς</em></span> <span class='ocrx_word' id='word_1_175' title='bbox 942 2449 1096 2530; x_wconf 78' lang='grc' dir='ltr'><em>ἐριανόεῖς,</em></span> 
     </span>
    </p>
   </div>
   <div class='ocr_carea' id='block_1_5' title="bbox 148 2549 1277 4055">
    <p class='ocr_par' dir='ltr' id='par_1_7' title="bbox 150 2549 1274 2838">
     <span class='ocr_line' id='line_1_23' title="bbox 150 2549 1274 2643; baseline 0.004 -24"><span class='ocrx_word' id='word_1_176' title='bbox 150 2563 171 2619; x_wconf 89' lang='lat' dir='ltr'>i.</span> <span class='ocrx_word' id='word_1_177' title='bbox 192 2577 216 2620; x_wconf 88' lang='lat' dir='ltr'>e.</span> <span class='ocrx_word' id='word_1_178' title='bbox 242 2558 403 2641; x_wconf 84' lang='grc' dir='ltr'><em>ἐρχόμενος</em></span> <span class='ocrx_word' id='word_1_179' title='bbox 427 2563 482 2621; x_wconf 82' lang='grc' dir='ltr'>ἀνὰ</span> <span class='ocrx_word' id='word_1_180' title='bbox 508 2549 648 2643; x_wconf 69' lang='grc' dir='ltr'><em>ελαμενὰῖ</em></span> <span class='ocrx_word' id='word_1_181' title='bbox 661 2563 704 2642; x_wconf 85' lang='grc' dir='ltr'>ἐρ.</span> <span class='ocrx_word' id='word_1_182' title='bbox 731 2567 760 2624; x_wconf 83' lang='grc' dir='ltr'>ἰὰ</span> <span class='ocrx_word' id='word_1_183' title='bbox 786 2568 850 2626; x_wconf 91' lang='lat' dir='ltr'>aliis</span> <span class='ocrx_word' id='word_1_184' title='bbox 876 2566 1093 2626; x_wconf 86' lang='lat' dir='ltr'>difficultatibus</span> <span class='ocrx_word' id='word_1_185' title='bbox 1118 2569 1274 2641; x_wconf 79' lang='lat' dir='ltr'>premitur3</span> 
     </span>
     <span class='ocr_line' id='line_1_24' title="bbox 150 2651 977 2732; baseline 0.006 -19"><span class='ocrx_word' id='word_1_186' title='bbox 150 2651 238 2727; x_wconf 90' lang='lat' dir='ltr'>quod</span> <span class='ocrx_word' id='word_1_187' title='bbox 250 2660 346 2714; x_wconf 88' lang='lat' dir='ltr'>autem</span> <span class='ocrx_word' id='word_1_188' title='bbox 367 2657 396 2714; x_wconf 89' lang='lat' dir='ltr'>in</span> <span class='ocrx_word' id='word_1_189' title='bbox 417 2658 572 2730; x_wconf 89' lang='lat' dir='ltr'>antiquiori</span> <span class='ocrx_word' id='word_1_190' title='bbox 592 2665 680 2732; x_wconf 83' lang='lat' dir='ltr'>poeta</span> <span class='ocrx_word' id='word_1_191' title='bbox 700 2659 866 2719; x_wconf 88' lang='lat' dir='ltr'>facillimum</span> <span class='ocrx_word' id='word_1_192' title='bbox 887 2667 977 2720; x_wconf 89' lang='lat' dir='ltr'>esset:</span> 
     </span>
     <span class='ocr_line' id='line_1_25' title="bbox 306 2751 1083 2838; baseline 0.005 -24"><span class='ocrx_word' id='word_1_193' title='bbox 306 2751 390 2816; x_wconf 73' lang='grc' dir='ltr'><em>ἔνθεν</em></span> <span class='ocrx_word' id='word_1_194' title='bbox 411 2757 626 2838; x_wconf 87' lang='grc' dir='ltr'><em>ἀνερχόμενος</em></span> <span class='ocrx_word' id='word_1_195' title='bbox 645 2759 661 2816; x_wconf 87' lang='grc' dir='ltr'><em>ό</em></span> <span class='ocrx_word' id='word_1_196' title='bbox 682 2766 761 2837; x_wconf 86' lang='grc' dir='ltr'><em>παρ’</em></span> <span class='ocrx_word' id='word_1_197' title='bbox 782 2759 917 2836; x_wconf 80' lang='grc' dir='ltr'><em>εἰαμενὰς</em></span> <span class='ocrx_word' id='word_1_198' title='bbox 936 2757 1083 2837; x_wconf 76' lang='grc' dir='ltr'><em>έριανόεῖς</em></span> 
     </span>
    </p>

    <p class='ocr_par' dir='ltr' id='par_1_8' title="bbox 148 2846 1277 4055">
     <span class='ocr_line' id='line_1_26' title="bbox 151 2846 1275 2936; baseline 0.006 -18"><span class='ocrx_word' id='word_1_199' title='bbox 151 2846 268 2918; x_wconf 83' lang='lat' dir='ltr'>Goluthi</span> <span class='ocrx_word' id='word_1_200' title='bbox 288 2875 387 2918; x_wconf 88' lang='lat' dir='ltr'>versus</span> <span class='ocrx_word' id='word_1_201' title='bbox 407 2877 464 2920; x_wconf 89' lang='lat' dir='ltr'>uon</span> <span class='ocrx_word' id='word_1_202' title='bbox 483 2861 654 2933; x_wconf 78' lang='lat' dir='ltr'>permittit«</span> <span class='ocrx_word' id='word_1_203' title='bbox 687 2863 846 2922; x_wconf 89' lang='lat' dir='ltr'>Schneider</span> <span class='ocrx_word' id='word_1_204' title='bbox 864 2881 892 2936; x_wconf 93' lang='lat' dir='ltr'>p.</span> <span class='ocrx_word' id='word_1_205' title='bbox 909 2865 1061 2923; x_wconf 74' lang='lat'>417-419</span> <span class='ocrx_word' id='word_1_206' title='bbox 1079 2880 1179 2923; x_wconf 90' lang='lat' dir='ltr'>versus</span> <span class='ocrx_word' id='word_1_207' title='bbox 1199 2867 1275 2925; x_wconf 91' lang='lat' dir='ltr'>sicut</span> 
     </span>
     <span class='ocr_line' id='line_1_27' title="bbox 150 2952 1274 3030; baseline 0.006 -18"><span class='ocrx_word' id='word_1_208' title='bbox 150 2969 236 3012; x_wconf 87' lang='lat' dir='ltr'>ame</span> <span class='ocrx_word' id='word_1_209' title='bbox 257 2952 328 3011; x_wconf 88' lang='lat' dir='ltr'>editi</span> <span class='ocrx_word' id='word_1_210' title='bbox 349 2958 424 3026; x_wconf 87' lang='lat' dir='ltr'>sunt,</span> <span class='ocrx_word' id='word_1_211' title='bbox 447 2953 597 3028; x_wconf 87' lang='lat' dir='ltr'>disposuit,</span> <span class='ocrx_word' id='word_1_212' title='bbox 620 2962 650 3014; x_wconf 87' lang='lat' dir='ltr'>et</span> <span class='ocrx_word' id='word_1_213' title='bbox 670 2955 707 3014; x_wconf 92' lang='lat' dir='ltr'>ad</span> <span class='ocrx_word' id='word_1_214' title='bbox 727 2957 874 3029; x_wconf 82' lang='lat' dir='ltr'>vulgatam</span> <span class='ocrx_word' id='word_1_215' title='bbox 888 2957 1114 3029; x_wconf 89' lang='lat' dir='ltr'>convellendam,</span> <span class='ocrx_word' id='word_1_216' title='bbox 1135 2975 1274 3030; x_wconf 88' lang='lat' dir='ltr'>suamque</span> 
     </span>
     <span class='ocr_line' id='line_1_28' title="bbox 150 3045 1277 3120; baseline 0.004 -15"><span class='ocrx_word' id='word_1_217' title='bbox 150 3047 346 3106; x_wconf 88' lang='lat' dir='ltr'>coniecturam</span> <span class='ocrx_word' id='word_1_218' title='bbox 372 3045 575 3106; x_wconf 88' lang='lat' dir='ltr'>stabiliendam</span> <span class='ocrx_word' id='word_1_219' title='bbox 597 3049 670 3106; x_wconf 91' lang='lat' dir='ltr'>haec</span> <span class='ocrx_word' id='word_1_220' title='bbox 693 3049 827 3120; x_wconf 87' lang='lat' dir='ltr'>protulit:</span> <span class='ocrx_word' id='word_1_221' title='bbox 862 3056 910 3108; x_wconf 77' lang='lat' dir='ltr'>»at</span> <span class='ocrx_word' id='word_1_222' title='bbox 937 3065 1029 3109; x_wconf 89' lang='lat' dir='ltr'>novae</span> <span class='ocrx_word' id='word_1_223' title='bbox 1054 3067 1120 3110; x_wconf 88' lang='lat' dir='ltr'>mox</span> <span class='ocrx_word' id='word_1_224' title='bbox 1144 3053 1277 3111; x_wconf 87' lang='lat' dir='ltr'>oriuntur</span> 
     </span>
     <span class='ocr_line' id='line_1_29' title="bbox 152 3138 1276 3216; baseline 0.004 -18"><span class='ocrx_word' id='word_1_225' title='bbox 152 3138 339 3199; x_wconf 89' lang='lat' dir='ltr'>difficultates</span> <span class='ocrx_word' id='word_1_226' title='bbox 365 3140 395 3198; x_wconf 92' lang='lat' dir='ltr'>in</span> <span class='ocrx_word' id='word_1_227' title='bbox 426 3141 620 3211; x_wconf 91' lang='lat' dir='ltr'>sequentibus.</span> <span class='ocrx_word' id='word_1_228' title='bbox 661 3158 727 3200; x_wconf 92' lang='lat' dir='ltr'>nam</span> <span class='ocrx_word' id='word_1_229' title='bbox 755 3147 910 3214; x_wconf 89' lang='lat' dir='ltr'>postquam</span> <span class='ocrx_word' id='word_1_230' title='bbox 934 3143 1077 3216; x_wconf 86' lang='lat' dir='ltr'>Mycenen</span> <span class='ocrx_word' id='word_1_231' title='bbox 1107 3145 1276 3204; x_wconf 89' lang='lat' dir='ltr'>memoravit</span> 
     </span>
     <span class='ocr_line' id='line_1_30' title="bbox 151 3235 1276 3311; baseline -0.001 -16"><span class='ocrx_word' id='word_1_232' title='bbox 151 3235 312 3307; x_wconf 74' lang='lat' dir='ltr'>colluthus,</span> <span class='ocrx_word' id='word_1_233' title='bbox 333 3235 430 3294; x_wconf 92' lang='lat' dir='ltr'>Parim</span> <span class='ocrx_word' id='word_1_234' title='bbox 445 3243 545 3295; x_wconf 80' lang='lat' dir='ltr'>namet</span> <span class='ocrx_word' id='word_1_235' title='bbox 558 3236 665 3295; x_wconf 91' lang='lat' dir='ltr'>vidisse</span> <span class='ocrx_word' id='word_1_236' title='bbox 681 3237 816 3310; x_wconf 88' lang='lat' dir='ltr'>Spartam</span> <span class='ocrx_word' id='word_1_237' title='bbox 831 3243 860 3296; x_wconf 89' lang='lat' dir='ltr'>et</span> <span class='ocrx_word' id='word_1_238' title='bbox 873 3237 1055 3311; x_wconf 86' lang='lat' dir='ltr'>Therapuen,</span> <span class='ocrx_word' id='word_1_239' title='bbox 1077 3237 1200 3309; x_wconf 92' lang='lat' dir='ltr'>indeque</span> <span class='ocrx_word' id='word_1_240' title='bbox 1219 3254 1276 3296; x_wconf 92' lang='lat' dir='ltr'>non</span> 
     </span>
     <span class='ocr_line' id='line_1_31' title="bbox 149 3328 1276 3404; baseline 0.002 -18"><span class='ocrx_word' id='word_1_241' title='bbox 149 3330 210 3387; x_wconf 90' lang='lat' dir='ltr'>iam</span> <span class='ocrx_word' id='word_1_242' title='bbox 231 3328 281 3386; x_wconf 89' lang='lat' dir='ltr'>diu</span> <span class='ocrx_word' id='word_1_243' title='bbox 300 3330 462 3402; x_wconf 85' lang='lat' dir='ltr'>navigasse,</span> <span class='ocrx_word' id='word_1_244' title='bbox 483 3328 535 3388; x_wconf 89' lang='lat' dir='ltr'>sed</span> <span class='ocrx_word' id='word_1_245' title='bbox 555 3346 621 3389; x_wconf 87' lang='lat' dir='ltr'>mox</span> <span class='ocrx_word' id='word_1_246' title='bbox 640 3346 728 3388; x_wconf 88' lang='lat' dir='ltr'>naves</span> <span class='ocrx_word' id='word_1_247' title='bbox 749 3331 896 3402; x_wconf 89' lang='lat' dir='ltr'>appulisse</span> <span class='ocrx_word' id='word_1_248' title='bbox 917 3336 948 3388; x_wconf 90' lang='lat' dir='ltr'>et</span> <span class='ocrx_word' id='word_1_249' title='bbox 961 3331 1096 3404; x_wconf 86' lang='lat' dir='ltr'>Spartam</span> <span class='ocrx_word' id='word_1_250' title='bbox 1114 3328 1276 3403; x_wconf 89' lang='lat' dir='ltr'>profectum</span> 
     </span>
     <span class='ocr_line' id='line_1_32' title="bbox 149 3421 1276 3495; baseline 0 -15"><span class='ocrx_word' id='word_1_251' title='bbox 149 3438 223 3481; x_wconf 90' lang='lat' dir='ltr'>esse.</span> <span class='ocrx_word' id='word_1_252' title='bbox 264 3423 369 3494; x_wconf 92' lang='lat' dir='ltr'>inquo</span> <span class='ocrx_word' id='word_1_253' title='bbox 390 3425 444 3482; x_wconf 94' lang='lat' dir='ltr'>hoc</span> <span class='ocrx_word' id='word_1_254' title='bbox 463 3438 603 3495; x_wconf 90' lang='lat' dir='ltr'>perquam</span> <span class='ocrx_word' id='word_1_255' title='bbox 627 3424 731 3480; x_wconf 92' lang='lat' dir='ltr'>mirum</span> <span class='ocrx_word' id='word_1_256' title='bbox 751 3421 869 3492; x_wconf 89' lang='lat' dir='ltr'>accidit,</span> <span class='ocrx_word' id='word_1_257' title='bbox 891 3422 967 3494; x_wconf 91' lang='lat' dir='ltr'>quod</span> <span class='ocrx_word' id='word_1_258' title='bbox 986 3423 1084 3495; x_wconf 89' lang='lat' dir='ltr'>Paris,</span> <span class='ocrx_word' id='word_1_259' title='bbox 1110 3439 1196 3494; x_wconf 89' lang='lat' dir='ltr'>quum</span> <span class='ocrx_word' id='word_1_260' title='bbox 1216 3421 1276 3481; x_wconf 90' lang='lat' dir='ltr'>iam</span> 
     </span>
     <span class='ocr_line' id='line_1_33' title="bbox 148 3514 1276 3587; baseline 0 -15"><span class='ocrx_word' id='word_1_261' title='bbox 148 3514 272 3574; x_wconf 91' lang='lat' dir='ltr'>vidisset</span> <span class='ocrx_word' id='word_1_262' title='bbox 302 3515 436 3587; x_wconf 86' lang='lat' dir='ltr'>Spartam</span> <span class='ocrx_word' id='word_1_263' title='bbox 467 3532 531 3573; x_wconf 91' lang='lat' dir='ltr'>cum</span> <span class='ocrx_word' id='word_1_264' title='bbox 561 3516 653 3573; x_wconf 90' lang='lat' dir='ltr'>vicina</span> <span class='ocrx_word' id='word_1_265' title='bbox 684 3514 849 3587; x_wconf 85' lang='lat' dir='ltr'>Therapne,</span> <span class='ocrx_word' id='word_1_266' title='bbox 880 3531 936 3587; x_wconf 89' lang='lat' dir='ltr'>quo</span> <span class='ocrx_word' id='word_1_267' title='bbox 967 3515 1137 3575; x_wconf 89' lang='lat' dir='ltr'>intendebat</span> <span class='ocrx_word' id='word_1_268' title='bbox 1167 3521 1196 3574; x_wconf 89' lang='lat' dir='ltr'>et</span> <span class='ocrx_word' id='word_1_269' title='bbox 1225 3515 1276 3574; x_wconf 90' lang='lat' dir='ltr'>ubi</span> 
     </span>
     <span class='ocr_line' id='line_1_34' title="bbox 148 3607 1276 3681; baseline 0 -14"><span class='ocrx_word' id='word_1_270' title='bbox 148 3623 216 3667; x_wconf 82' lang='lat' dir='ltr'>mox</span> <span class='ocrx_word' id='word_1_271' title='bbox 236 3614 372 3667; x_wconf 89' lang='lat' dir='ltr'>narratur</span> <span class='ocrx_word' id='word_1_272' title='bbox 390 3609 500 3681; x_wconf 87' lang='lat' dir='ltr'>regiam</span> <span class='ocrx_word' id='word_1_273' title='bbox 519 3607 648 3666; x_wconf 88' lang='lat' dir='ltr'>Menelai</span> <span class='ocrx_word' id='word_1_274' title='bbox 669 3608 784 3666; x_wconf 92' lang='lat' dir='ltr'>domum</span> <span class='ocrx_word' id='word_1_275' title='bbox 804 3607 928 3681; x_wconf 84' lang='lat' dir='ltr'>adiisse,</span> <span class='ocrx_word' id='word_1_276' title='bbox 954 3614 1052 3667; x_wconf 89' lang='lat' dir='ltr'>tamen</span> <span class='ocrx_word' id='word_1_277' title='bbox 1077 3609 1133 3667; x_wconf 91' lang='lat' dir='ltr'>alio</span> <span class='ocrx_word' id='word_1_278' title='bbox 1159 3609 1276 3667; x_wconf 89' lang='lat' dir='ltr'>iuterim</span> 
     </span>
     <span class='ocr_line' id='line_1_35' title="bbox 149 3700 1275 3775; baseline 0 -15"><span class='ocrx_word' id='word_1_279' title='bbox 149 3717 238 3761; x_wconf 91' lang='lat' dir='ltr'>naves</span> <span class='ocrx_word' id='word_1_280' title='bbox 259 3701 381 3774; x_wconf 86' lang='lat' dir='ltr'>direxit,</span> <span class='ocrx_word' id='word_1_281' title='bbox 407 3708 439 3760; x_wconf 87' lang='lat' dir='ltr'>ut</span> <span class='ocrx_word' id='word_1_282' title='bbox 463 3701 557 3761; x_wconf 91' lang='lat' dir='ltr'>denuo</span> <span class='ocrx_word' id='word_1_283' title='bbox 577 3700 645 3760; x_wconf 91' lang='lat' dir='ltr'>inde</span> <span class='ocrx_word' id='word_1_284' title='bbox 665 3702 799 3775; x_wconf 88' lang='lat' dir='ltr'>Spartam</span> <span class='ocrx_word' id='word_1_285' title='bbox 819 3703 935 3760; x_wconf 76' lang='lat' dir='ltr'>viseret,</span> <span class='ocrx_word' id='word_1_286' title='bbox 966 3700 1036 3760; x_wconf 83' lang='lat' dir='ltr'>terri</span> <span class='ocrx_word' id='word_1_287' title='bbox 1056 3701 1128 3760; x_wconf 90' lang='lat' dir='ltr'>haec</span> <span class='ocrx_word' id='word_1_288' title='bbox 1147 3708 1275 3775; x_wconf 91' lang='lat' dir='ltr'>possent,</span> 
     </span>
     <span class='ocr_line' id='line_1_36' title="bbox 149 3795 1275 3868; baseline 0.002 -14"><span class='ocrx_word' id='word_1_289' title='bbox 149 3797 175 3854; x_wconf 89' lang='lat' dir='ltr'>si</span> <span class='ocrx_word' id='word_1_290' title='bbox 196 3796 287 3854; x_wconf 88' lang='lat' dir='ltr'>statui</span> <span class='ocrx_word' id='word_1_291' title='bbox 306 3797 409 3854; x_wconf 88' lang='lat' dir='ltr'>liceret</span> <span class='ocrx_word' id='word_1_292' title='bbox 427 3795 538 3867; x_wconf 90' lang='lat' dir='ltr'>Parim,</span> <span class='ocrx_word' id='word_1_293' title='bbox 564 3812 650 3867; x_wconf 92' lang='lat' dir='ltr'>quum</span> <span class='ocrx_word' id='word_1_294' title='bbox 671 3810 689 3852; x_wconf 90' lang='lat' dir='ltr'>a</span> <span class='ocrx_word' id='word_1_295' title='bbox 709 3795 832 3868; x_wconf 86' lang='lat' dir='ltr'>Mycena</span> <span class='ocrx_word' id='word_1_296' title='bbox 852 3795 970 3854; x_wconf 89' lang='lat' dir='ltr'>veniens</span> <span class='ocrx_word' id='word_1_297' title='bbox 990 3799 1109 3867; x_wconf 90' lang='lat' dir='ltr'>praeter</span> <span class='ocrx_word' id='word_1_298' title='bbox 1128 3795 1275 3856; x_wconf 86' lang='lat' dir='ltr'>Laconiae</span> 
     </span>
     <span class='ocr_line' id='line_1_37' title="bbox 149 3886 1274 3961; baseline 0.004 -16"><span class='ocrx_word' id='word_1_299' title='bbox 149 3888 231 3946; x_wconf 91' lang='lat' dir='ltr'>littus</span> <span class='ocrx_word' id='word_1_300' title='bbox 252 3886 330 3960; x_wconf 91' lang='lat' dir='ltr'>quod</span> <span class='ocrx_word' id='word_1_301' title='bbox 351 3886 548 3946; x_wconf 90' lang='lat' dir='ltr'>adorientem</span> <span class='ocrx_word' id='word_1_302' title='bbox 574 3888 664 3946; x_wconf 90' lang='lat' dir='ltr'>solem</span> <span class='ocrx_word' id='word_1_303' title='bbox 688 3892 803 3961; x_wconf 88' lang='lat' dir='ltr'>spectat</span> <span class='ocrx_word' id='word_1_304' title='bbox 821 3887 992 3960; x_wconf 85' lang='lat' dir='ltr'>navigabat,</span> <span class='ocrx_word' id='word_1_305' title='bbox 1018 3904 1034 3946; x_wconf 92' lang='lat' dir='ltr'>e</span> <span class='ocrx_word' id='word_1_306' title='bbox 1057 3889 1146 3946; x_wconf 90' lang='lat' dir='ltr'>mari</span> <span class='ocrx_word' id='word_1_307' title='bbox 1166 3889 1274 3949; x_wconf 89' lang='lat' dir='ltr'>vidisse</span> 
     </span>
     <span class='ocr_line' id='line_1_38' title="bbox 150 3978 1275 4055; baseline 0.001 -16"><span class='ocrx_word' id='word_1_308' title='bbox 150 3978 285 4054; x_wconf 87' lang='lat' dir='ltr'>Spartam</span> <span class='ocrx_word' id='word_1_309' title='bbox 307 3985 337 4038; x_wconf 89' lang='lat' dir='ltr'>et</span> <span class='ocrx_word' id='word_1_310' title='bbox 357 3980 540 4054; x_wconf 76' lang='lat' dir='ltr'>Therapuen,</span> <span class='ocrx_word' id='word_1_311' title='bbox 582 3980 665 4052; x_wconf 75' lang='lat' dir='ltr'>Quod</span> <span class='ocrx_word' id='word_1_312' title='bbox 685 3997 772 4054; x_wconf 92' lang='lat' dir='ltr'>quum</span> <span class='ocrx_word' id='word_1_313' title='bbox 792 3982 871 4041; x_wconf 92' lang='lat' dir='ltr'>nullo</span> <span class='ocrx_word' id='word_1_314' title='bbox 891 3980 976 4040; x_wconf 91' lang='lat' dir='ltr'>modo</span> <span class='ocrx_word' id='word_1_315' title='bbox 996 3983 1140 4055; x_wconf 89' lang='lat' dir='ltr'>potuerit,</span> <span class='ocrx_word' id='word_1_316' title='bbox 1161 3983 1205 4042; x_wconf 89' lang='lat' dir='ltr'>ita</span> <span class='ocrx_word' id='word_1_317' title='bbox 1223 4000 1275 4055; x_wconf 92' lang='lat' dir='ltr'>po·</span> 
     </span>
    </p>
   </div>
   <div class='ocr_carea' id='block_1_6' title="bbox 150 4073 1292 4162">
    <p class='ocr_par' dir='ltr' id='par_1_9' title="bbox 150 4073 1292 4162">
     <span class='ocr_line' id='line_1_39' title="bbox 150 4073 1292 4162; baseline -0.002 -30"><span class='ocrx_word' id='word_1_318' title='bbox 150 4075 207 4132; x_wconf 91' lang='lat' dir='ltr'>tius</span> <span class='ocrx_word' id='word_1_319' title='bbox 234 4073 433 4144; x_wconf 87' lang='lat' dir='ltr'>statuendum,</span> <span class='ocrx_word' id='word_1_320' title='bbox 459 4090 560 4132; x_wconf 89' lang='lat' dir='ltr'>versus</span> <span class='ocrx_word' id='word_1_321' title='bbox 587 4081 748 4133; x_wconf 77' lang='lat' dir='ltr'>aaa-229</span> <span class='ocrx_word' id='word_1_322' title='bbox 770 4074 873 4147; x_wconf 91' lang='lat' dir='ltr'>quibus</span> <span class='ocrx_word' id='word_1_323' title='bbox 898 4075 1000 4133; x_wconf 78' lang='lat' dir='ltr'>intima</span> <span class='ocrx_word' id='word_1_324' title='bbox 1024 4075 1292 4162; x_wconf 86' lang='lat' dir='ltr'>navigationis</span> 
     </span>
    </p>
   </div>
   <div class='ocr_carea' id='block_1_7' title="bbox 0 0 1544 4654">
    <p class='ocr_par' dir='ltr' id='par_1_10' title="bbox 0 0 1544 4654">
     <span class='ocr_line' id='line_1_40' title="bbox 0 0 1544 4654; baseline 0 0"><span class='ocrx_word' id='word_1_325' title='bbox 0 0 1544 4654; x_wconf 95' lang='lat' dir='ltr'> </span> 
     </span>
    </p>
   </div>
  </div>
 </body>
</html>
