3078 4654
583 321 816 380 -lll-

130 503 247 576 Stopn„
267 502 400 562 Lectium
421 509 452 561 ct
471 504 605 576 Portum,
631 506 680 575 qui
701 505 841 576 Brodaei‚
862 507 1019 580 Anonymi,
1039 508 1258 583 Falkenburgii,

130 597 263 656 Neandri
284 599 325 668 (in
339 601 442 670 marg.)
457 597 584 658 etUbeli
597 599 792 657 coniecturam
816 597 935 676 δήθυνεν
955 595 1094 676 Ἐέήοώταο
1114 599 1181 678 παρ’
1207 601 1257 683 ὁγ-

131 689 201 754 θαις
225 697 408 764 receperunt.
449 689 633 761 Dausqueius
657 688 763 769 δήθυνε
786 687 850 748 ποτ’
880 689 1019 768 Εὐρώταο
1043 691 1113 770 παρ’
1142 691 1258 774 ὄχθαις,

132 783 253 855 Lennep
279 782 421 856 probante
446 783 581 842 Harlesio
607 783 708 842 melius
734 781 839 862 δήθυνε
865 781 933 862 παρ’
957 782 1097 862 Εὐρώταο
1119 786 1260 866 ῥεέθροις

132 877 266 934 coniecit.
306 875 340 933 M
359 875 426 934 libri
450 875 603 933 lectionem
628 883 803 948 receperunt
825 877 944 936 Bekher
969 885 999 936 et
1023 879 1126 937 Iulian.
1165 881 1258 940 Lebrs

131 968 329 1027 Hermannunr
342 985 371 1040 p.
387 975 422 1027 21
439 973 555 1026 secutus
568 985 622 1040 pro
643 965 687 1025 ὁπ’
712 965 758 1026 ἐπ’
784 971 885 1045 edidit,
909 973 988 1030 »eius
1004 978 1034 1032 et
1048 971 1120 1051 ὑπὲρ
1135 967 1165 1032 e't
1179 973 1259 1051 παρὰ

132 1062 288 1134 explicatio
314 1055 366 1136 est.
407 1062 470 1120 Nec
493 1060 625 1133 profecto
651 1069 719 1134 apte
739 1063 797 1120 dici
822 1065 917 1136 potuit
941 1065 994 1123 sub
1020 1066 1104 1124 undis
1129 1065 1259 1126 Eurotae

133 1156 242 1214 morari
261 1155 400 1214 Helena«
436 1155 550 1214 Herm.
579 1156 718 1216 Probavit
736 1158 791 1216 hoe
814 1158 972 1218 Schneider
990 1176 1019 1231 p.
1041 1167 1097 1220 446
1119 1167 1149 1218 et
1168 1160 1259 1220 Tour-

133 1249 199 1306 nier
217 1266 247 1321 p.
269 1256 320 1320 42,
346 1249 395 1320 qui
417 1254 572 1322 praeterea
592 1247 726 1326 οἰχομένη
751 1247 872 1328 δήθυνεν
897 1253 1020 1310 coniecit
1043 1252 1149 1312 collato
1170 1271 1195 1310 v.
1222 1254 1258 1312 27

133 1337 276 1418 ἐρχομένη
290 1337 411 1418 δήθυνεν
425 1337 459 1405 ἐς
475 1337 566 1398 ἄλσεα
581 1338 762 1419 Κενταύροιο.
782 1375 817 1383 -
838 1341 903 1401 242
920 1347 985 1400 τοῖα
998 1342 1032 1401 δε
1044 1345 1085 1416 Μ,
1107 1344 1205 1402 τοιάδε
1220 1347 1258 1418 Q3

132 1429 216 1490 ἔνεπε
231 1435 270 1505 Q3
294 1465 325 1474 -
349 1431 410 1491 348
431 1432 506 1491 οέδεν
522 1435 564 1505 Μ,
584 1430 661 1491 οἶδεν
681 1434 864 1508 AcLNqR
885 1444 915 1495 et
935 1437 1000 1495 edd.
1022 1439 1090 1496 inde
1110 1456 1128 1498 a
1149 1439 1258 1514 Steph.‚

130 1522 207 1582 εἶδεν
226 1525 366 1598 PSVW,
387 1526 453 1584 Ald.
473 1545 506 1598 ος
527 1559 561 1568 -
583 1546 653 1602 ορος
672 1527 714 1600 Μ,
735 1524 805 1602 ὄρος
825 1528 889 1586 rell.
911 1530 994 1588 codd.
1016 1539 1046 1589 et
1066 1531 1148 1605 edd,
1166 1531 1259 1610 χόρον

131 1619 205 1678 coni.
233 1618 392 1678 Schneider
416 1637 444 1692 p.
466 1627 538 1692 446,
565 1621 633 1692 quia
659 1621 721 1678 »his
747 1621 842 1679 verbis
867 1621 1023 1682 Hermione
1048 1623 1158 1684 refutat
1182 1627 1259 1698 quod

129 1728 234 1770 servae
255 1713 421 1786 suspicatae
442 1720 534 1784 erant,
554 1714 661 1772 morari
676 1713 817 1772 Helenam
836 1715 913 1787 qnod
927 1715 964 1774 ad
978 1718 1130 1776 mulierum
1145 1724 1258 1778 coetum

128 1821 220 1877 quum
239 1807 376 1878 venisset,
397 1822 414 1862 a
434 1807 482 1863 via
502 1805 640 1864 aberrans
661 1807 698 1864 ad
718 1813 832 1880 pratum
854 1816 905 1868 aut
925 1809 1065 1870 Eurotam
1085 1811 1192 1870 flumen
1212 1829 1260 1872 vc-

131 1901 240 1967 nisset,
264 1899 361 1971 ibique
385 1899 538 1957 resisteret
560 1900 671 1958 incerta
691 1901 811 1958 viarum.
851 1919 909 1973 qua
928 1904 958 1959 in
977 1920 1010 1961 re
1030 1905 1164 1963 iniuriam
1184 1907 1259 1964 Her·

132 1993 231 2050 mione
252 1991 363 2051 faceret
382 1993 564 2066 mulieribus,
590 1993 615 2050 si
635 1993 694 2050 alia
719 1995 881 2052 nominaret
900 1996 966 2053 loca
986 2003 1074 2067 atque
1096 2013 1170 2068 quae
1190 1999 1258 2057 illae

129 2085 276 2144 dixerant·
308 2087 388 2158 atqui
408 2085 552 2145 fecithoc
572 2083 643 2161 όρος
659 2103 830 2159 memorans,
851 2089 931 2146 cuius
950 2089 981 2146 in
999 2089 1113 2146 illarum
1127 2091 1258 2150 oratione

131 2195 191 2237 non
209 2177 289 2237 facta
310 2183 374 2236 erat
393 2178 509 2236 mentio.
548 2194 614 2236 nam
636 2194 671 2236 ea
691 2194 760 2236 voce
781 2176 938 2250 significari
958 2179 1092 2257 νυμφάων
1113 2179 1258 2259 ὁμήγυριν,

127 2272 230 2340 cuius,
255 2278 289 2328 ut
307 2287 383 2329 nunc
402 2288 450 2329 res
471 2279 529 2343 est,
555 2272 585 2328 in
610 2271 810 2344 respondendo
839 2273 980 2331 rationem
1000 2272 1165 2332 nonhabet
1185 2276 1258 2334 Her·

128 2367 239 2439 mione,
260 2382 343 2425 nemo
363 2365 448 2424 facile
469 2366 583 2425 dixerit.
617 2367 716 2437 itaque
737 2383 822 2438 quum
843 2363 1020 2441 όροςΙοουνυ
1034 2370 1110 2426 tucri
1123 2378 1259 2443 nequeat,

135 2456 272 2536 ὁμήγυρις
292 2467 389 2518 autem
409 2459 537 2532 postulet
551 2459 627 2530 quod
642 2458 698 2517 sibi
716 2458 902 2532 respondeat,
925 2458 1087 2518 Colluthum
1108 2463 1258 2534 scripsisse

129 2553 266 2625 suspicor
286 2548 346 2608 cibe
363 2550 490 2630 χορόν,
511 2551 645 2627 ποταμῶν
666 2548 738 2629 ἐδάή
749 2549 830 2627 ῥόον,
850 2558 884 2608 ut
901 2549 995 2629 χορός
1009 2553 1151 2625 significet
1164 2557 1258 2616 locum

127 2645 245 2704 choreis
266 2645 451 2703 destinatum.
491 2661 558 2703 nam
583 2641 719 2721 ὁμήγυρις
741 2645 798 2702 ista
823 2644 973 2701 mulierum
1000 2661 1140 2716 quaenam
1159 2651 1259 2720 possit

136 2741 201 2796 esse
221 2739 277 2796 nisi
297 2745 538 2812 congregatarum
558 2737 596 2796 ad
617 2737 701 2796 deum
718 2737 842 2808 aliquem
863 2735 1004 2794 choreis
1026 2739 1257 2800 celebrandum«

133 2829 333 2890 Schneider
360 2849 389 2908 p.
409 2839 474 2891 446.
514 2830 661 2888 Audacius
682 2830 825 2890 Tournier
848 2848 876 2903 p.
898 2837 943 2890 42.
965 2838 1002 2890 43
1028 2828 1089 2889 οἶδε
1111 2831 1182 2910 ῥόον
1210 2854 1259 2890 πο-

123 2923 224 2992 ’ταμοῦ
245 2923 293 2980 καὶ
312 2921 444 3002 ὁμήγυριν
465 2925 603 2994 coniecit3
623 2920 685 2981 οἶδὲ
704 2925 746 2997 Μ,
766 2919 829 2980 οἶδε
848 2922 997 2997 AGLNQ
1019 2932 1049 2984 et
1069 2926 1134 2984 edd.
1155 2928 1222 2987 inde
1242 2946 1260 2988 a

125 3020 240 3092 steph,
261 3016 337 3077 οἶδεν
350 3020 386 3092 R,
405 3016 466 3077 εἶδε
484 3021 623 3095 Psvw‚
643 3019 710 3080 Ald.
724 3039 756 3094 ο;
771 3054 808 3064 -
821 3020 886 3079 ³44
899 3017 934 3086 ἐς
943 3018 1033 3098 ῥόδον
1051 3021 1135 3079 codd.
1150 3030 1180 3081 et
1193 3023 1260 3082 edd.

132 3111 240 3171 omnes.
271 3113 390 3188 Lenuep
412 3113 579 3173 dubitanter
597 3112 632 3180 ἐς
651 3113 757 3190 δρόμον
779 3115 902 3174 coniecit
921 3115 1026 3174 collato
1040 3113 1195 3174 Theocrito
1216 3116 1259 3174 ld.

131 3207 229 3266 XVIII
249 3225 274 3266 v.
291 3201 438 3283 θθἍρμες
457 3207 484 3265 δ’
508 3207 543 3273 ἐς
556 3206 662 3284 δρόμον
675 3203 721 3286 ἦρι
736 3207 784 3264 καὶ
797 3204 833 3272 ἐς
847 3205 980 3283 λειμώνια
999 3204 1093 3283 φύλλα
1100 3203 1262 3284 Ἓρψοῦμες

132 3297 287 3376 στεφάνως
311 3298 500 3378 δρεψεόμενοι
520 3299 574 3359 ἁδὺ
592 3300 745 3372 πνέοντας;
771 3297 877 3376 δρόμον
902 3307 999 3358 autem
1019 3300 1146 3357 stadium
1167 3316 1259 3375 prope

121 3392 171 3451 ad
184 3392 313 3452 Menelai
326 3396 436 3466 regiam
451 3400 628 3453 exstructum
649 3410 713 3452 esse
733 3394 832 3463 voluit,
853 3391 906 3451 cfr.
927 3393 965 3451 ad
979 3410 1004 3450 v.
1020 3401 1075 3452 243
1091 3408 1135 3465 vg.
1169 3393 1259 3453 Grae-

134 3483 188 3543 iius
207 3502 236 3561 p.
258 3493 314 3544 255
334 3482 370 3551 ἐς
390 3484 496 3563 δρόσον
515 3488 618 3545 maluit
637 3487 750 3545 collatis
770 3503 814 3544 vv.
838 3493 903 3544 338.
926 3493 991 3544 339.
1025 3485 1122 3543 Etiam
1144 3485 1259 3545 Schnei-

133 3579 188 3636 der
207 3594 235 3652 p.
251 3583 307 3637 446
328 3596 364 3638 ex
383 3581 419 3638 iis
434 3596 509 3652 quae
524 3580 562 3638 ad
582 3581 762 3655 superiorem
782 3594 896 3637 versum
915 3578 1030 3637 dixerat
1049 3577 1204 3653 profectus,
1225 3577 1261 3647 ἐς

132 3669 223 3748 ῥόδον
238 3673 269 3728 in
284 3675 476 3749 suspicionem
490 3675 616 3745 vocavit3
639 3673 733 3745 »quod
754 3689 819 3736 eum
838 3672 917 3747 prati
936 3673 1080 3731 mentione
1100 3675 1261 3734 arctissime

135 3766 366 3838 coniungendam
386 3783 450 3824 esse
464 3773 547 3843 patet
559 3768 610 3839 ita,
631 3773 663 3825 ut
680 3783 732 3840 pro
745 3781 803 3822 una
816 3771 970 3837 utrumque
983 3765 1021 3822 sit
1033 3767 1160 3825 notione.
1184 3769 1261 3840 quod
1282 3831 1287 3838 ,

136 3874 222 3917 secus
254 3876 330 3918 nunc
354 3866 407 3919 est.
447 3877 512 3919 nam
537 3861 563 3918 si
588 3861 650 3931 quis
681 3858 790 3919 obiciat
812 3863 928 3935 poetam
951 3857 1045 3931 figura
1068 3877 1151 3919 usum
1176 3878 1262 3933 quam

133 3951 235 4010 dicunt
255 3947 286 4010 ἓν
307 3951 355 4010 διὰ
373 3951 460 4027 δυοῖν,
481 3953 560 4012 istud
573 3955 706 4029 posuisse
721 3971 774 4029 pro
793 3949 830 4018 ἐς
846 3950 989 4030 ῥοδόεντα
1009 3952 1141 4029 λειμῶνα,
1163 3958 1191 4014 ei
1211 3956 1261 4016 do·

122 4043 254 4102 cendum
275 4044 343 4118 erit,
371 4046 448 4118 quod
473 4062 575 4106 vereor
599 4063 636 4104 ne
662 4047 760 4107 doceri
781 4053 921 4120 nequeat,
947 4049 977 4105 in
998 4064 1034 4107 ea
1053 4048 1146 4122 figura
1167 4049 1261 4106 careri
