<?xml version="1.0" encoding="UTF-8"?>
<!DOCTYPE html PUBLIC "-//W3C//DTD XHTML 1.0 Transitional//EN"
    "http://www.w3.org/TR/xhtml1/DTD/xhtml1-transitional.dtd">
<html xmlns="http://www.w3.org/1999/xhtml" xml:lang="en" lang="en">
 <head>
  <title>
</title>
<meta http-equiv="Content-Type" content="text/html;charset=utf-8" />
  <meta name='ocr-system' content='tesseract 3.04.00' />
  <meta name='ocr-capabilities' content='ocr_page ocr_carea ocr_par ocr_line ocrx_word'/>
</head>
<body>
  <div class='ocr_page' id='page_1' title='image "./colluthilycopol00collgoog_0082.png"; bbox 0 0 3078 4654; ppageno 0'>
   <div class='ocr_carea' id='block_1_1' title="bbox 744 329 957 392">
    <p class='ocr_par' dir='ltr' id='par_1_1' title="bbox 744 329 957 392">
     <span class='ocr_line' id='line_1_1' title="bbox 744 329 957 392; baseline 0 -16"><span class='ocrx_word' id='word_1_1' title='bbox 744 329 957 392; x_wconf 66' lang='grc'>..78-</span> 
     </span>
    </p>
   </div>
   <div class='ocr_carea' id='block_1_2' title="bbox 292 514 1421 1379">
    <p class='ocr_par' dir='ltr' id='par_1_2' title="bbox 292 514 1421 1379">
     <span class='ocr_line' id='line_1_2' title="bbox 295 514 1421 586; baseline -0.003 -12"><span class='ocrx_word' id='word_1_2' title='bbox 295 520 388 577; x_wconf 81' lang='lat' dir='ltr'>»viros</span> <span class='ocrx_word' id='word_1_3' title='bbox 408 518 438 575; x_wconf 92' lang='lat' dir='ltr'>in</span> <span class='ocrx_word' id='word_1_4' title='bbox 459 517 540 575; x_wconf 89' lang='lat' dir='ltr'>Idam</span> <span class='ocrx_word' id='word_1_5' title='bbox 560 515 651 586; x_wconf 83' lang='lat' dir='ltr'>duxit,</span> <span class='ocrx_word' id='word_1_6' title='bbox 678 515 727 573; x_wconf 92' lang='lat' dir='ltr'>nbi</span> <span class='ocrx_word' id='word_1_7' title='bbox 753 515 871 573; x_wconf 89' lang='lat' dir='ltr'>arbores</span> <span class='ocrx_word' id='word_1_8' title='bbox 898 514 1053 574; x_wconf 79' lang='lat' dir='ltr'><strong>frondosae</strong></span> <span class='ocrx_word' id='word_1_9' title='bbox 1079 515 1170 572; x_wconf 81' lang='lat' dir='ltr'>silvae</span> <span class='ocrx_word' id='word_1_10' title='bbox 1197 529 1303 572; x_wconf 87' lang='lat' dir='ltr'>caesae</span> <span class='ocrx_word' id='word_1_11' title='bbox 1326 521 1421 573; x_wconf 75' lang='lat' dir='ltr'>sunt«.</span> 
     </span>
     <span class='ocr_line' id='line_1_3' title="bbox 293 602 1421 686; baseline -0.005 -14"><span class='ocrx_word' id='word_1_12' title='bbox 293 612 351 672; x_wconf 85' lang='lat' dir='ltr'>Sed</span> <span class='ocrx_word' id='word_1_13' title='bbox 370 626 445 670; x_wconf 88' lang='lat' dir='ltr'>nunc</span> <span class='ocrx_word' id='word_1_14' title='bbox 465 607 510 668; x_wconf 75' lang='grc' dir='ltr'><em>ἐπὶ</em></span> <span class='ocrx_word' id='word_1_15' title='bbox 538 607 688 667; x_wconf 85' lang='grc' dir='ltr'><em>δάσκιον</em></span> <span class='ocrx_word' id='word_1_16' title='bbox 714 602 817 686; x_wconf 75' lang='grc' dir='ltr'><em>ἤγαγεν</em></span> <span class='ocrx_word' id='word_1_17' title='bbox 842 604 924 684; x_wconf 75' lang='grc' dir='ltr'><em>ὕλην</em></span> <span class='ocrx_word' id='word_1_18' title='bbox 945 625 970 666; x_wconf 84' lang='lat' dir='ltr'>v.</span> <span class='ocrx_word' id='word_1_19' title='bbox 986 615 1041 668; x_wconf 85' lang='lat'>194</span> <span class='ocrx_word' id='word_1_20' title='bbox 1066 607 1248 666; x_wconf 86' lang='lat' dir='ltr'>retinendum</span> <span class='ocrx_word' id='word_1_21' title='bbox 1270 624 1335 666; x_wconf 89' lang='lat' dir='ltr'>essa</span> <span class='ocrx_word' id='word_1_22' title='bbox 1355 625 1421 680; x_wconf 88' lang='lat' dir='ltr'>per·</span> 
     </span>
     <span class='ocr_line' id='line_1_4' title="bbox 293 696 1420 778; baseline -0.004 -15"><span class='ocrx_word' id='word_1_23' title='bbox 293 706 385 763; x_wconf 84' lang='lat' dir='ltr'><strong>suasit</strong></span> <span class='ocrx_word' id='word_1_24' title='bbox 405 723 430 762; x_wconf 79' lang='lat' dir='ltr'>a.</span> <span class='ocrx_word' id='word_1_25' title='bbox 446 713 501 766; x_wconf 80' lang='lat'>226</span> <span class='ocrx_word' id='word_1_26' title='bbox 527 701 579 760; x_wconf 80' lang='grc' dir='ltr'><em>ὑπὸ</em></span> <span class='ocrx_word' id='word_1_27' title='bbox 606 702 757 760; x_wconf 82' lang='grc' dir='ltr'><em>δάσκιον</em></span> <span class='ocrx_word' id='word_1_28' title='bbox 782 696 889 778; x_wconf 76' lang='grc' dir='ltr'><em>οὔρεος</em></span> <span class='ocrx_word' id='word_1_29' title='bbox 913 697 993 778; x_wconf 77' lang='grc' dir='ltr'><em>ὕλην</em></span> <span class='ocrx_word' id='word_1_30' title='bbox 1019 708 1049 760; x_wconf 88' lang='lat' dir='ltr'>et</span> <span class='ocrx_word' id='word_1_31' title='bbox 1068 719 1094 759; x_wconf 84' lang='lat' dir='ltr'>v.</span> <span class='ocrx_word' id='word_1_32' title='bbox 1110 708 1165 760; x_wconf 80' lang='grc'>358</span> <span class='ocrx_word' id='word_1_33' title='bbox 1195 699 1247 756; x_wconf 86' lang='grc' dir='ltr'><em>ὑπὸ</em></span> <span class='ocrx_word' id='word_1_34' title='bbox 1274 699 1420 758; x_wconf 81' lang='grc' dir='ltr'><em>δάσκιον</em></span> 
     </span>
     <span class='ocr_line' id='line_1_5' title="bbox 292 793 1415 874; baseline -0.001 -20"><span class='ocrx_word' id='word_1_35' title='bbox 292 793 386 874; x_wconf 77' lang='grc' dir='ltr'><em>ὕλην,</em></span> <span class='ocrx_word' id='word_1_36' title='bbox 411 799 480 858; x_wconf 90' lang='lat' dir='ltr'>licet</span> <span class='ocrx_word' id='word_1_37' title='bbox 502 797 721 857; x_wconf 90' lang='lat' dir='ltr'>Wernikiannm</span> <span class='ocrx_word' id='word_1_38' title='bbox 748 797 835 854; x_wconf 92' lang='lat' dir='ltr'>etiam</span> <span class='ocrx_word' id='word_1_39' title='bbox 856 795 1000 854; x_wconf 85' lang='lat' dir='ltr'>&#39;l&#39;ournier</span> <span class='ocrx_word' id='word_1_40' title='bbox 1018 813 1046 868; x_wconf 91' lang='lat' dir='ltr'>p.</span> <span class='ocrx_word' id='word_1_41' title='bbox 1062 797 1108 854; x_wconf 77' lang='grc'><strong>17.</strong></span> <span class='ocrx_word' id='word_1_42' title='bbox 1124 802 1160 853; x_wconf 84' lang='lat'>28</span> <span class='ocrx_word' id='word_1_43' title='bbox 1181 794 1361 868; x_wconf 86' lang='lat' dir='ltr'>probaverit</span> <span class='ocrx_word' id='word_1_44' title='bbox 1385 827 1415 836; x_wconf 80' lang='lat'>-·</span> 
     </span>
     <span class='ocr_line' id='line_1_6' title="bbox 294 886 1419 968; baseline -0.004 -20"><span class='ocrx_word' id='word_1_45' title='bbox 294 889 351 949; x_wconf 79' lang='lat' dir='ltr'>loo</span> <span class='ocrx_word' id='word_1_46' title='bbox 373 889 480 968; x_wconf 72' lang='lat' dir='ltr'>despue</span> <span class='ocrx_word' id='word_1_47' title='bbox 499 889 667 967; x_wconf 78' lang='grc' dir='ltr'><em>εργοπάνοιο</em></span> <span class='ocrx_word' id='word_1_48' title='bbox 687 887 832 966; x_wconf 78' lang='grc' dir='ltr'><em>δαημονας</em></span> <span class='ocrx_word' id='word_1_49' title='bbox 853 887 1031 964; x_wconf 78' lang='grc' dir='ltr'><em>ἀτροιτῶνης</em></span> <span class='ocrx_word' id='word_1_50' title='bbox 1047 888 1090 960; x_wconf 89' lang='grc' dir='ltr'>Μ,</span> <span class='ocrx_word' id='word_1_51' title='bbox 1110 888 1140 946; x_wconf 91' lang='lat' dir='ltr'>in</span> <span class='ocrx_word' id='word_1_52' title='bbox 1165 904 1221 960; x_wconf 88' lang='lat' dir='ltr'>quo</span> <span class='ocrx_word' id='word_1_53' title='bbox 1243 886 1419 964; x_wconf 72' lang='grc' dir='ltr'><em>άτρωτῶνυς</em></span> 
     </span>
     <span class='ocr_line' id='line_1_7' title="bbox 293 977 1415 1058; baseline -0.005 -14"><span class='ocrx_word' id='word_1_54' title='bbox 293 990 449 1044; x_wconf 80' lang='lat' dir='ltr'>arctante</span> <span class='ocrx_word' id='word_1_55' title='bbox 476 1001 564 1056; x_wconf 63' lang='grc' dir='ltr'><em>ουτος</em></span> <span class='ocrx_word' id='word_1_56' title='bbox 594 980 738 1058; x_wconf 77' lang='grc' dir='ltr'><em>δαήμονας</em></span> <span class='ocrx_word' id='word_1_57' title='bbox 763 998 799 1040; x_wconf 84' lang='lat' dir='ltr'>ex</span> <span class='ocrx_word' id='word_1_58' title='bbox 823 977 940 1056; x_wconf 77' lang='grc' dir='ltr'><em>δσὴμων</em></span> <span class='ocrx_word' id='word_1_59' title='bbox 965 981 1060 1039; x_wconf 83' lang='lat' dir='ltr'>effecit</span> <span class='ocrx_word' id='word_1_60' title='bbox 1087 983 1232 1053; x_wconf 77' lang='lat' dir='ltr'><strong>glossator</strong></span> <span class='ocrx_word' id='word_1_61' title='bbox 1257 982 1288 1039; x_wconf 94' lang='lat' dir='ltr'>in</span> <span class='ocrx_word' id='word_1_62' title='bbox 1316 982 1355 1053; x_wconf 71' lang='lat' dir='ltr'>Q,</span> <span class='ocrx_word' id='word_1_63' title='bbox 1384 1015 1415 1022; x_wconf 91' lang='lat'><em>-</em></span> 
     </span>
     <span class='ocr_line' id='line_1_8' title="bbox 293 1073 1418 1152; baseline -0.004 -16"><span class='ocrx_word' id='word_1_64' title='bbox 293 1076 352 1136; x_wconf 85' lang='grc'>199</span> <span class='ocrx_word' id='word_1_65' title='bbox 372 1075 444 1135; x_wconf 78' lang='lat' dir='ltr'><strong>avda</strong></span> <span class='ocrx_word' id='word_1_66' title='bbox 458 1078 491 1136; x_wconf 95' lang='lat' dir='ltr'>M</span> <span class='ocrx_word' id='word_1_67' title='bbox 497 1095 504 1149; x_wconf 83' lang='lat'>3</span> <span class='ocrx_word' id='word_1_68' title='bbox 524 1073 728 1152; x_wconf 86' lang='grc' dir='ltr'><em>πσλοπρέμνοις</em></span> <span class='ocrx_word' id='word_1_69' title='bbox 741 1075 782 1146; x_wconf 93' lang='grc' dir='ltr'>Μ,</span> <span class='ocrx_word' id='word_1_70' title='bbox 804 1074 880 1132; x_wconf 87' lang='lat' dir='ltr'>unde</span> <span class='ocrx_word' id='word_1_71' title='bbox 895 1075 996 1146; x_wconf 91' lang='lat' dir='ltr'>optimi</span> <span class='ocrx_word' id='word_1_72' title='bbox 1010 1074 1118 1134; x_wconf 85' lang='lat' dir='ltr'>codicis</span> <span class='ocrx_word' id='word_1_73' title='bbox 1133 1075 1286 1133; x_wconf 90' lang='lat' dir='ltr'>lectionem</span> <span class='ocrx_word' id='word_1_74' title='bbox 1302 1081 1418 1133; x_wconf 88' lang='lat' dir='ltr'>secntns</span> 
     </span>
     <span class='ocr_line' id='line_1_9' title="bbox 292 1165 1418 1248; baseline -0.005 -20"><span class='ocrx_word' id='word_1_75' title='bbox 292 1169 497 1248; x_wconf 77' lang='grc' dir='ltr'><em>πολυπρέμνοιο</em></span> <span class='ocrx_word' id='word_1_76' title='bbox 512 1170 589 1229; x_wconf 85' lang='lat' dir='ltr'>edidi</span> <span class='ocrx_word' id='word_1_77' title='bbox 604 1170 708 1229; x_wconf 82' lang='lat' dir='ltr'>collato</span> <span class='ocrx_word' id='word_1_78' title='bbox 728 1186 754 1226; x_wconf 84' lang='lat' dir='ltr'>v.</span> <span class='ocrx_word' id='word_1_79' title='bbox 770 1175 825 1226; x_wconf 88' lang='grc'>358</span> <span class='ocrx_word' id='word_1_80' title='bbox 847 1165 919 1224; x_wconf 82' lang='grc' dir='ltr'><em>ἀλλὰ</em></span> <span class='ocrx_word' id='word_1_81' title='bbox 936 1165 1192 1244; x_wconf 81' lang='grc' dir='ltr'><em>πολυπρέμνων</em></span> <span class='ocrx_word' id='word_1_82' title='bbox 1214 1165 1347 1245; x_wconf 81' lang='grc' dir='ltr'><em>ξυλόχων</em></span> <span class='ocrx_word' id='word_1_83' title='bbox 1367 1165 1418 1224; x_wconf 80' lang='grc' dir='ltr'><em>ὑπὸ</em></span> 
     </span>
     <span class='ocr_line' id='line_1_10' title="bbox 292 1257 1418 1342; baseline -0.007 -20"><span class='ocrx_word' id='word_1_84' title='bbox 292 1264 415 1324; x_wconf 85' lang='grc' dir='ltr'><em>δάσκιον</em></span> <span class='ocrx_word' id='word_1_85' title='bbox 441 1261 506 1342; x_wconf 76' lang='grc' dir='ltr'><em>ὕλην</em></span> <span class='ocrx_word' id='word_1_86' title='bbox 536 1269 565 1322; x_wconf 90' lang='lat' dir='ltr'>et</span> <span class='ocrx_word' id='word_1_87' title='bbox 588 1264 741 1336; x_wconf 84' lang='lat' dir='ltr'>Apollonio</span> <span class='ocrx_word' id='word_1_88' title='bbox 761 1261 874 1320; x_wconf 87' lang='lat' dir='ltr'>Rhodio</span> <span class='ocrx_word' id='word_1_89' title='bbox 893 1261 934 1319; x_wconf 87' lang='lat' dir='ltr'>lv</span> <span class='ocrx_word' id='word_1_90' title='bbox 955 1269 1009 1320; x_wconf 88' lang='grc'>160</span> <span class='ocrx_word' id='word_1_91' title='bbox 1040 1257 1132 1316; x_wconf 80' lang='grc' dir='ltr'><em>κύκλα</em></span> <span class='ocrx_word' id='word_1_92' title='bbox 1157 1259 1418 1336; x_wconf 78' lang='grc' dir='ltr'><em>πολυπρέμνοιο</em></span> 
     </span>
     <span class='ocr_line' id='line_1_11' title="bbox 1214 1351 1239 1379; baseline -0.04 0"><span class='ocrx_word' id='word_1_93' title='bbox 1214 1351 1239 1379; x_wconf 74' lang='grc'>110</span> 
     </span>
    </p>
   </div>
   <div class='ocr_carea' id='block_1_3' title="bbox 288 1386 1419 4155">
    <p class='ocr_par' dir='ltr' id='par_1_3' title="bbox 288 1386 1419 4155">
     <span class='ocr_line' id='line_1_12' title="bbox 292 1386 1418 1470; baseline -0.008 -19"><span class='ocrx_word' id='word_1_94' title='bbox 292 1393 332 1452; x_wconf 85' lang='grc' dir='ltr'>δι’</span> <span class='ocrx_word' id='word_1_95' title='bbox 353 1391 390 1462; x_wconf 80' lang='grc' dir='ltr'>ἐξ</span> <span class='ocrx_word' id='word_1_96' title='bbox 406 1389 475 1470; x_wconf 79' lang='grc' dir='ltr'><em>ὅλης</em></span> <span class='ocrx_word' id='word_1_97' title='bbox 501 1391 672 1464; x_wconf 75' lang='grc' dir='ltr'><em>τετάνυστος</em></span> <span class='ocrx_word' id='word_1_98' title='bbox 698 1425 734 1432; x_wconf 90' lang='grc'>--</span> <span class='ocrx_word' id='word_1_99' title='bbox 760 1388 967 1465; x_wconf 87' lang='grc' dir='ltr'><em>ταναπρέμνσιο</em></span> <span class='ocrx_word' id='word_1_100' title='bbox 986 1389 1048 1460; x_wconf 83' lang='lat' dir='ltr'>SV,</span> <span class='ocrx_word' id='word_1_101' title='bbox 1069 1386 1277 1464; x_wconf 84' lang='grc' dir='ltr'><em>τανυπρέμπυιο</em></span> <span class='ocrx_word' id='word_1_102' title='bbox 1291 1387 1324 1460; x_wconf 92' lang='grc' dir='ltr'>Ρ,</span> <span class='ocrx_word' id='word_1_103' title='bbox 1340 1406 1418 1444; x_wconf 85' lang='grc' dir='ltr'><em>τανυ-</em></span> 
     </span>
     <span class='ocr_line' id='line_1_13' title="bbox 292 1465 1417 1562; baseline -0.005 -20"><span class='ocrx_word' id='word_1_104' title='bbox 292 1485 425 1562; x_wconf 83' lang='grc' dir='ltr'><em>πρέμνοισ</em></span> <span class='ocrx_word' id='word_1_105' title='bbox 445 1486 509 1545; x_wconf 89' lang='lat' dir='ltr'>rell.</span> <span class='ocrx_word' id='word_1_106' title='bbox 532 1485 615 1544; x_wconf 91' lang='lat' dir='ltr'>codd.</span> <span class='ocrx_word' id='word_1_107' title='bbox 637 1490 668 1542; x_wconf 93' lang='lat' dir='ltr'>et</span> <span class='ocrx_word' id='word_1_108' title='bbox 688 1482 762 1554; x_wconf 77' lang='lat' dir='ltr'>cdd,</span> <span class='ocrx_word' id='word_1_109' title='bbox 789 1482 865 1554; x_wconf 89' lang='lat' dir='ltr'>quod</span> <span class='ocrx_word' id='word_1_110' title='bbox 886 1481 1018 1541; x_wconf 80' lang='lat' dir='ltr'>defendit</span> <span class='ocrx_word' id='word_1_111' title='bbox 1037 1482 1164 1554; x_wconf 78' lang='lat' dir='ltr'>Beklrer,</span> <span class='ocrx_word' id='word_1_112' title='bbox 1187 1465 1295 1543; x_wconf 82' lang='lat' dir='ltr'>collato</span> <span class='ocrx_word' id='word_1_113' title='bbox 1316 1483 1417 1540; x_wconf 87' lang='lat' dir='ltr'>Nonno</span> 
     </span>
     <span class='ocr_line' id='line_1_14' title="bbox 292 1570 1419 1654; baseline -0.006 -18"><span class='ocrx_word' id='word_1_114' title='bbox 292 1579 390 1638; x_wconf 76' lang='lat' dir='ltr'>Vclr</span> <span class='ocrx_word' id='word_1_115' title='bbox 418 1573 490 1635; x_wconf 75' lang='grc' dir='ltr'><em>ἔνθα</em></span> <span class='ocrx_word' id='word_1_116' title='bbox 517 1575 776 1652; x_wconf 82' lang='grc' dir='ltr'><em>τανυπρέμνοιο</em></span> <span class='ocrx_word' id='word_1_117' title='bbox 807 1573 951 1654; x_wconf 83' lang='grc' dir='ltr'><em>διέστιχεν</em></span> <span class='ocrx_word' id='word_1_118' title='bbox 983 1570 1061 1633; x_wconf 83' lang='grc' dir='ltr'><em>ἔνδια</em></span> <span class='ocrx_word' id='word_1_119' title='bbox 1092 1573 1201 1654; x_wconf 70' lang='grc' dir='ltr'><em>λόχμης</em></span> <span class='ocrx_word' id='word_1_120' title='bbox 1226 1582 1257 1634; x_wconf 85' lang='lat' dir='ltr'>et</span> <span class='ocrx_word' id='word_1_121' title='bbox 1282 1574 1419 1648; x_wconf 82' lang='lat' dir='ltr'>probavit</span> 
     </span>
     <span class='ocr_line' id='line_1_15' title="bbox 292 1665 1417 1743; baseline 0 -16"><span class='ocrx_word' id='word_1_122' title='bbox 292 1671 436 1728; x_wconf 86' lang='lat' dir='ltr'>Tonrnicr</span> <span class='ocrx_word' id='word_1_123' title='bbox 454 1688 481 1743; x_wconf 90' lang='lat' dir='ltr'>p.</span> <span class='ocrx_word' id='word_1_124' title='bbox 495 1671 540 1727; x_wconf 77' lang='lat'>27.</span> <span class='ocrx_word' id='word_1_125' title='bbox 564 1702 597 1710; x_wconf 88' lang='lat'>-</span> <span class='ocrx_word' id='word_1_126' title='bbox 620 1667 773 1740; x_wconf 67' lang='grc' dir='ltr'><em>δαὶζάμενα</em></span> <span class='ocrx_word' id='word_1_127' title='bbox 785 1668 818 1725; x_wconf 99' lang='lat' dir='ltr'>M</span> <span class='ocrx_word' id='word_1_128' title='bbox 825 1687 831 1739; x_wconf 89' lang='grc'><strong>;</strong></span> <span class='ocrx_word' id='word_1_129' title='bbox 854 1666 941 1743; x_wconf 84' lang='grc' dir='ltr'><em>δρῦες</em></span> <span class='ocrx_word' id='word_1_130' title='bbox 954 1667 995 1736; x_wconf 89' lang='grc' dir='ltr'>Μ,</span> <span class='ocrx_word' id='word_1_131' title='bbox 1017 1674 1046 1725; x_wconf 88' lang='lat' dir='ltr'>et</span> <span class='ocrx_word' id='word_1_132' title='bbox 1067 1667 1170 1740; x_wconf 83' lang='lat' dir='ltr'>Opost</span> <span class='ocrx_word' id='word_1_133' title='bbox 1189 1685 1278 1738; x_wconf 88' lang='lat' dir='ltr'>corr.;</span> <span class='ocrx_word' id='word_1_134' title='bbox 1302 1665 1417 1741; x_wconf 78' lang='grc' dir='ltr'><em>ἴδηςΜ.</em></span> 
     </span>
     <span class='ocr_line' id='line_1_16' title="bbox 293 1755 1418 1836; baseline -0.004 -16"><span class='ocrx_word' id='word_1_135' title='bbox 293 1762 369 1834; x_wconf 88' lang='lat' dir='ltr'>qnod</span> <span class='ocrx_word' id='word_1_136' title='bbox 390 1766 566 1835; x_wconf 87' lang='lat' dir='ltr'>receperunt</span> <span class='ocrx_word' id='word_1_137' title='bbox 585 1760 703 1819; x_wconf 87' lang='lat' dir='ltr'>Bekker</span> <span class='ocrx_word' id='word_1_138' title='bbox 728 1766 758 1818; x_wconf 89' lang='lat' dir='ltr'>ct</span> <span class='ocrx_word' id='word_1_139' title='bbox 782 1761 845 1818; x_wconf 88' lang='lat' dir='ltr'>rell.</span> <span class='ocrx_word' id='word_1_140' title='bbox 866 1766 933 1833; x_wconf 89' lang='lat' dir='ltr'>post</span> <span class='ocrx_word' id='word_1_141' title='bbox 953 1776 1018 1817; x_wconf 90' lang='lat' dir='ltr'>eum</span> <span class='ocrx_word' id='word_1_142' title='bbox 1044 1759 1125 1830; x_wconf 90' lang='lat' dir='ltr'>sdd.;</span> <span class='ocrx_word' id='word_1_143' title='bbox 1152 1755 1221 1836; x_wconf 77' lang='grc' dir='ltr'><em>ὅλης</em></span> <span class='ocrx_word' id='word_1_144' title='bbox 1241 1759 1326 1818; x_wconf 84' lang='lat' dir='ltr'>codd.</span> <span class='ocrx_word' id='word_1_145' title='bbox 1348 1761 1418 1817; x_wconf 86' lang='lat' dir='ltr'>dett</span> 
     </span>
     <span class='ocr_line' id='line_1_17' title="bbox 293 1849 1418 1929; baseline -0.005 -15"><span class='ocrx_word' id='word_1_146' title='bbox 293 1859 323 1914; x_wconf 84' lang='lat' dir='ltr'>et</span> <span class='ocrx_word' id='word_1_147' title='bbox 342 1855 405 1913; x_wconf 86' lang='lat' dir='ltr'>rell.</span> <span class='ocrx_word' id='word_1_148' title='bbox 428 1854 503 1925; x_wconf 73' lang='lat' dir='ltr'>edd,</span> <span class='ocrx_word' id='word_1_149' title='bbox 522 1854 588 1912; x_wconf 88' lang='lat' dir='ltr'>vide</span> <span class='ocrx_word' id='word_1_150' title='bbox 608 1851 645 1911; x_wconf 86' lang='lat' dir='ltr'>ad</span> <span class='ocrx_word' id='word_1_151' title='bbox 665 1859 775 1925; x_wconf 85' lang='lat' dir='ltr'>v.194;</span> <span class='ocrx_word' id='word_1_152' title='bbox 797 1886 831 1894; x_wconf 92' lang='lat'>—</span> <span class='ocrx_word' id='word_1_153' title='bbox 854 1850 911 1911; x_wconf 87' lang='grc'>197</span> <span class='ocrx_word' id='word_1_154' title='bbox 930 1872 1027 1928; x_wconf 78' lang='grc' dir='ltr'><em>ηριπυν</em></span> <span class='ocrx_word' id='word_1_155' title='bbox 1040 1853 1082 1924; x_wconf 92' lang='grc' dir='ltr'>Μ,</span> <span class='ocrx_word' id='word_1_156' title='bbox 1107 1849 1204 1929; x_wconf 78' lang='grc' dir='ltr'><em>ἦριπον</em></span> <span class='ocrx_word' id='word_1_157' title='bbox 1224 1852 1418 1924; x_wconf 78' lang='lat' dir='ltr'><strong>AGLNPQW</strong></span> 
     </span>
     <span class='ocr_line' id='line_1_18' title="bbox 293 1941 1417 2023; baseline -0.004 -17"><span class='ocrx_word' id='word_1_158' title='bbox 293 1947 359 2007; x_wconf 80' lang='lat' dir='ltr'>fort.</span> <span class='ocrx_word' id='word_1_159' title='bbox 381 1947 464 2007; x_wconf 84' lang='lat' dir='ltr'>codd.</span> <span class='ocrx_word' id='word_1_160' title='bbox 486 1948 556 2006; x_wconf 84' lang='lat' dir='ltr'>dett.</span> <span class='ocrx_word' id='word_1_161' title='bbox 571 1953 696 2019; x_wconf 87' lang='lat' dir='ltr'>omnes);</span> <span class='ocrx_word' id='word_1_162' title='bbox 717 1946 896 2023; x_wconf 85' lang='grc' dir='ltr'><em>αρχεκάκυιο</em></span> <span class='ocrx_word' id='word_1_163' title='bbox 910 1945 957 2018; x_wconf 87' lang='grc' dir='ltr'>Μ;</span> <span class='ocrx_word' id='word_1_164' title='bbox 981 1979 1013 1986; x_wconf 87' lang='grc'><strong>-</strong></span> <span class='ocrx_word' id='word_1_165' title='bbox 1036 1943 1095 2004; x_wconf 85' lang='grc'>198</span> <span class='ocrx_word' id='word_1_166' title='bbox 1108 1965 1143 2010; x_wconf 82' lang='grc' dir='ltr'>ος</span> <span class='ocrx_word' id='word_1_167' title='bbox 1156 1946 1198 2017; x_wconf 90' lang='grc' dir='ltr'>Μ,</span> <span class='ocrx_word' id='word_1_168' title='bbox 1214 1941 1256 2010; x_wconf 80' lang='grc' dir='ltr'>ὣς</span> <span class='ocrx_word' id='word_1_169' title='bbox 1268 1948 1305 2018; x_wconf 86' lang='grc' dir='ltr'>Δ,</span> <span class='ocrx_word' id='word_1_170' title='bbox 1321 1942 1365 2010; x_wconf 81' lang='grc' dir='ltr'>ὡς</span> <span class='ocrx_word' id='word_1_171' title='bbox 1380 1947 1417 2017; x_wconf 73' lang='lat' dir='ltr'>Q3</span> 
     </span>
     <span class='ocr_line' id='line_1_19' title="bbox 291 2039 1417 2113; baseline -0.003 -16"><span class='ocrx_word' id='word_1_172' title='bbox 291 2039 362 2098; x_wconf 82' lang='grc' dir='ltr'><em>ποτὲ</em></span> <span class='ocrx_word' id='word_1_173' title='bbox 377 2041 408 2113; x_wconf 83' lang='lat' dir='ltr'>O,</span> <span class='ocrx_word' id='word_1_174' title='bbox 432 2044 583 2100; x_wconf 68' lang='lat' dir='ltr'><strong>natarali.</strong></span> <span class='ocrx_word' id='word_1_175' title='bbox 604 2041 687 2101; x_wconf 84' lang='lat' dir='ltr'>codd.</span> <span class='ocrx_word' id='word_1_176' title='bbox 709 2048 739 2099; x_wconf 89' lang='lat' dir='ltr'>et</span> <span class='ocrx_word' id='word_1_177' title='bbox 760 2040 826 2098; x_wconf 89' lang='lat' dir='ltr'>edd.</span> <span class='ocrx_word' id='word_1_178' title='bbox 847 2045 964 2113; x_wconf 88' lang='lat' dir='ltr'>praeter</span> <span class='ocrx_word' id='word_1_179' title='bbox 989 2040 1154 2112; x_wconf 88' lang='lat' dir='ltr'>Lehrsinm,</span> <span class='ocrx_word' id='word_1_180' title='bbox 1180 2041 1230 2112; x_wconf 88' lang='lat' dir='ltr'>qui</span> <span class='ocrx_word' id='word_1_181' title='bbox 1258 2039 1417 2098; x_wconf 88' lang='lat' dir='ltr'>Hermanni</span> 
     </span>
     <span class='ocr_line' id='line_1_20' title="bbox 292 2131 1416 2206; baseline -0.001 -14"><span class='ocrx_word' id='word_1_182' title='bbox 292 2135 485 2192; x_wconf 88' lang='lat' dir='ltr'>coniecturam</span> <span class='ocrx_word' id='word_1_183' title='bbox 507 2139 547 2206; x_wconf 87' lang='lat' dir='ltr'>(p.</span> <span class='ocrx_word' id='word_1_184' title='bbox 564 2136 610 2204; x_wconf 78' lang='grc'>17)</span> <span class='ocrx_word' id='word_1_185' title='bbox 633 2131 699 2189; x_wconf 83' lang='grc' dir='ltr'><em>τότε</em></span> <span class='ocrx_word' id='word_1_186' title='bbox 719 2133 846 2204; x_wconf 82' lang='lat' dir='ltr'>recepit3</span> <span class='ocrx_word' id='word_1_187' title='bbox 872 2133 902 2188; x_wconf 91' lang='lat' dir='ltr'>in</span> <span class='ocrx_word' id='word_1_188' title='bbox 924 2131 1044 2189; x_wconf 88' lang='lat' dir='ltr'>eandem</span> <span class='ocrx_word' id='word_1_189' title='bbox 1065 2131 1209 2190; x_wconf 81' lang='lat' dir='ltr'>inciderat</span> <span class='ocrx_word' id='word_1_190' title='bbox 1227 2132 1360 2205; x_wconf 83' lang='lat' dir='ltr'>Koechly</span> <span class='ocrx_word' id='word_1_191' title='bbox 1380 2132 1416 2190; x_wconf 87' lang='lat' dir='ltr'>ad</span> 
     </span>
     <span class='ocr_line' id='line_1_21' title="bbox 294 2222 1416 2301; baseline -0.002 -17"><span class='ocrx_word' id='word_1_192' title='bbox 294 2226 400 2299; x_wconf 79' lang='lat' dir='ltr'>Tryph.</span> <span class='ocrx_word' id='word_1_193' title='bbox 421 2245 446 2285; x_wconf 83' lang='lat' dir='ltr'>v.</span> <span class='ocrx_word' id='word_1_194' title='bbox 463 2229 514 2298; x_wconf 72' lang='lat'>473</span> <span class='ocrx_word' id='word_1_195' title='bbox 536 2225 724 2301; x_wconf 72' lang='grc' dir='ltr'><em>μαρμαιρυντι</em></span> <span class='ocrx_word' id='word_1_196' title='bbox 748 2226 776 2283; x_wconf 88' lang='grc' dir='ltr'><strong>Α</strong></span> <span class='ocrx_word' id='word_1_197' title='bbox 801 2241 836 2283; x_wconf 84' lang='lat' dir='ltr'>ex</span> <span class='ocrx_word' id='word_1_198' title='bbox 863 2241 945 2296; x_wconf 63' lang='lat' dir='ltr'>corr,</span> <span class='ocrx_word' id='word_1_199' title='bbox 973 2226 1011 2297; x_wconf 81' lang='lat' dir='ltr'>Q3</span> <span class='ocrx_word' id='word_1_200' title='bbox 1045 2259 1066 2265; x_wconf 94' lang='lat'>-</span> <span class='ocrx_word' id='word_1_201' title='bbox 1101 2222 1160 2283; x_wconf 82' lang='lat'>199</span> <span class='ocrx_word' id='word_1_202' title='bbox 1188 2222 1357 2301; x_wconf 67' lang='grc' dir='ltr'><em>αλεξάνδρου</em></span> <span class='ocrx_word' id='word_1_203' title='bbox 1375 2226 1416 2295; x_wconf 87' lang='grc' dir='ltr'>Μ,</span> 
     </span>
     <span class='ocr_line' id='line_1_22' title="bbox 294 2316 1415 2394; baseline 0.004 -20"><span class='ocrx_word' id='word_1_204' title='bbox 294 2317 478 2394; x_wconf 84' lang='grc' dir='ltr'><em>ἀλεξάνδρυιυ</em></span> <span class='ocrx_word' id='word_1_205' title='bbox 493 2321 526 2391; x_wconf 79' lang='lat' dir='ltr'>Q,</span> <span class='ocrx_word' id='word_1_206' title='bbox 548 2317 721 2394; x_wconf 80' lang='grc' dir='ltr'><em>ἁλεξάνδρεο</em></span> <span class='ocrx_word' id='word_1_207' title='bbox 733 2321 769 2392; x_wconf 82' lang='grc' dir='ltr'>Α,</span> <span class='ocrx_word' id='word_1_208' title='bbox 790 2321 819 2378; x_wconf 87' lang='lat' dir='ltr'>in</span> <span class='ocrx_word' id='word_1_209' title='bbox 840 2319 904 2379; x_wconf 81' lang='lat' dir='ltr'>Gur</span> <span class='ocrx_word' id='word_1_210' title='bbox 924 2320 1001 2379; x_wconf 85' lang='lat' dir='ltr'>vocis</span> <span class='ocrx_word' id='word_1_211' title='bbox 1021 2316 1189 2394; x_wconf 84' lang='grc' dir='ltr'><em>ἀλεξάνδριυ</em></span> <span class='ocrx_word' id='word_1_212' title='bbox 1209 2335 1245 2376; x_wconf 85' lang='lat' dir='ltr'>ex</span> <span class='ocrx_word' id='word_1_213' title='bbox 1264 2335 1337 2380; x_wconf 80' lang='lat' dir='ltr'>corr.</span> <span class='ocrx_word' id='word_1_214' title='bbox 1360 2326 1415 2390; x_wconf 87' lang='lat' dir='ltr'>est;</span> 
     </span>
     <span class='ocr_line' id='line_1_23' title="bbox 293 2408 1416 2491; baseline 0.004 -24"><span class='ocrx_word' id='word_1_215' title='bbox 293 2409 424 2485; x_wconf 86' lang='grc' dir='ltr'><em>δρυτόνιυ</em></span> <span class='ocrx_word' id='word_1_216' title='bbox 437 2412 483 2482; x_wconf 87' lang='grc' dir='ltr'>Μ;</span> <span class='ocrx_word' id='word_1_217' title='bbox 505 2411 670 2470; x_wconf 85' lang='grc' dir='ltr'><em>τεκτείνατο</em></span> <span class='ocrx_word' id='word_1_218' title='bbox 685 2412 849 2485; x_wconf 75' lang='lat' dir='ltr'>GLNQR;</span> <span class='ocrx_word' id='word_1_219' title='bbox 873 2412 978 2491; x_wconf 79' lang='grc' dir='ltr'><em>χαλκῶ</em></span> <span class='ocrx_word' id='word_1_220' title='bbox 992 2413 1038 2484; x_wconf 85' lang='grc' dir='ltr'>Μ;</span> <span class='ocrx_word' id='word_1_221' title='bbox 1059 2429 1124 2470; x_wconf 91' lang='lat' dir='ltr'>cum</span> <span class='ocrx_word' id='word_1_222' title='bbox 1139 2408 1317 2489; x_wconf 80' lang='grc' dir='ltr'><em>Ἀλεξάνδρῳ</em></span> <span class='ocrx_word' id='word_1_223' title='bbox 1336 2429 1416 2487; x_wconf 89' lang='lat' dir='ltr'>pror·</span> 
     </span>
     <span class='ocr_line' id='line_1_24' title="bbox 293 2501 1415 2583; baseline 0 -21"><span class='ocrx_word' id='word_1_224' title='bbox 293 2520 342 2562; x_wconf 89' lang='lat' dir='ltr'>sus</span> <span class='ocrx_word' id='word_1_225' title='bbox 362 2505 486 2563; x_wconf 87' lang='lat' dir='ltr'>otiosum</span> <span class='ocrx_word' id='word_1_226' title='bbox 509 2506 547 2564; x_wconf 90' lang='lat' dir='ltr'>sit</span> <span class='ocrx_word' id='word_1_227' title='bbox 566 2511 596 2564; x_wconf 89' lang='lat' dir='ltr'>et</span> <span class='ocrx_word' id='word_1_228' title='bbox 610 2506 679 2583; x_wconf 76' lang='grc' dir='ltr'><em>νῆας</em></span> <span class='ocrx_word' id='word_1_229' title='bbox 699 2507 827 2579; x_wconf 88' lang='lat' dir='ltr'>epitheto</span> <span class='ocrx_word' id='word_1_230' title='bbox 848 2510 956 2577; x_wconf 86' lang='lat' dir='ltr'>careat,</span> <span class='ocrx_word' id='word_1_231' title='bbox 976 2505 1117 2564; x_wconf 81' lang='lat' dir='ltr'>Tournier</span> <span class='ocrx_word' id='word_1_232' title='bbox 1137 2523 1166 2578; x_wconf 88' lang='lat' dir='ltr'>p.</span> <span class='ocrx_word' id='word_1_233' title='bbox 1181 2507 1217 2564; x_wconf 80' lang='lat'>2⁷</span> <span class='ocrx_word' id='word_1_234' title='bbox 1238 2501 1415 2583; x_wconf 82' lang='grc' dir='ltr'><em>ἐϋσσέλμους</em></span> 
     </span>
     <span class='ocr_line' id='line_1_25' title="bbox 292 2593 1415 2676; baseline 0.001 -21"><span class='ocrx_word' id='word_1_235' title='bbox 292 2614 346 2670; x_wconf 93' lang='lat' dir='ltr'>pro</span> <span class='ocrx_word' id='word_1_236' title='bbox 363 2593 537 2676; x_wconf 76' lang='grc' dir='ltr'><em>Ἀλεξάνδρῳ</em></span> <span class='ocrx_word' id='word_1_237' title='bbox 557 2599 629 2657; x_wconf 88' lang='lat' dir='ltr'>mira</span> <span class='ocrx_word' id='word_1_238' title='bbox 651 2600 783 2671; x_wconf 89' lang='lat' dir='ltr'>coniecit,</span> <span class='ocrx_word' id='word_1_239' title='bbox 809 2599 956 2670; x_wconf 78' lang='lat' dir='ltr'><strong>vulgatam</strong></span> <span class='ocrx_word' id='word_1_240' title='bbox 977 2600 1149 2671; x_wconf 81' lang='lat' dir='ltr'>scripturam</span> <span class='ocrx_word' id='word_1_241' title='bbox 1170 2614 1206 2656; x_wconf 85' lang='lat' dir='ltr'>ex</span> <span class='ocrx_word' id='word_1_242' title='bbox 1226 2599 1303 2658; x_wconf 87' lang='lat' dir='ltr'><strong>mala</strong></span> <span class='ocrx_word' id='word_1_243' title='bbox 1322 2615 1415 2658; x_wconf 87' lang='lat' dir='ltr'>recor·</span> 
     </span>
     <span class='ocr_line' id='line_1_26' title="bbox 293 2687 1415 2768; baseline 0 -18"><span class='ocrx_word' id='word_1_244' title='bbox 293 2693 409 2752; x_wconf 90' lang='lat' dir='ltr'>datione</span> <span class='ocrx_word' id='word_1_245' title='bbox 433 2692 488 2751; x_wconf 93' lang='lat' dir='ltr'>loci</span> <span class='ocrx_word' id='word_1_246' title='bbox 516 2691 726 2766; x_wconf 88' lang='lat' dir='ltr'>Tryphiodcrei</span> <span class='ocrx_word' id='word_1_247' title='bbox 756 2699 804 2763; x_wconf 80' lang='grc'>(61</span> <span class='ocrx_word' id='word_1_248' title='bbox 832 2691 901 2768; x_wconf 80' lang='grc' dir='ltr'><em>νῆας</em></span> <span class='ocrx_word' id='word_1_249' title='bbox 925 2687 1096 2767; x_wconf 78' lang='grc' dir='ltr'><em>Ἀλεξάνδρῳ</em></span> <span class='ocrx_word' id='word_1_250' title='bbox 1124 2688 1291 2766; x_wconf 79' lang='grc' dir='ltr'><em>τεκτήνατο)</em></span> <span class='ocrx_word' id='word_1_251' title='bbox 1325 2698 1415 2752; x_wconf 90' lang='lat' dir='ltr'>ortam</span> 
     </span>
     <span class='ocr_line' id='line_1_27' title="bbox 291 2782 1415 2844; baseline -0.001 0"><span class='ocrx_word' id='word_1_252' title='bbox 291 2801 355 2844; x_wconf 89' lang='lat' dir='ltr'>esse</span> <span class='ocrx_word' id='word_1_253' title='bbox 375 2786 514 2843; x_wconf 89' lang='lat' dir='ltr'>indicans.</span> <span class='ocrx_word' id='word_1_254' title='bbox 544 2801 598 2844; x_wconf 85' lang='lat' dir='ltr'>vv.</span> <span class='ocrx_word' id='word_1_255' title='bbox 614 2782 788 2843; x_wconf 79' lang='lat' dir='ltr'>aco-201</span> <span class='ocrx_word' id='word_1_256' title='bbox 809 2801 864 2843; x_wconf 91' lang='lat' dir='ltr'>om.</span> <span class='ocrx_word' id='word_1_257' title='bbox 887 2783 969 2842; x_wconf 86' lang='lat' dir='ltr'>codd.</span> <span class='ocrx_word' id='word_1_258' title='bbox 991 2783 1063 2841; x_wconf 90' lang='lat' dir='ltr'>dett.</span> <span class='ocrx_word' id='word_1_259' title='bbox 1085 2799 1183 2843; x_wconf 87' lang='lat' dir='ltr'>omnes</span> <span class='ocrx_word' id='word_1_260' title='bbox 1205 2789 1236 2842; x_wconf 90' lang='lat' dir='ltr'>et</span> <span class='ocrx_word' id='word_1_261' title='bbox 1262 2783 1329 2842; x_wconf 92' lang='lat' dir='ltr'>edd.</span> <span class='ocrx_word' id='word_1_262' title='bbox 1351 2791 1415 2843; x_wconf 87' lang='lat' dir='ltr'>ante</span> 
     </span>
     <span class='ocr_line' id='line_1_28' title="bbox 289 2875 1412 2953; baseline -0.002 -16"><span class='ocrx_word' id='word_1_263' title='bbox 289 2879 430 2949; x_wconf 84' lang='lat' dir='ltr'>Beklrer.;</span> <span class='ocrx_word' id='word_1_264' title='bbox 448 2910 480 2920; x_wconf 93' lang='lat'>—</span> <span class='ocrx_word' id='word_1_265' title='bbox 498 2875 566 2936; x_wconf 81' lang='lat'>200</span> <span class='ocrx_word' id='word_1_266' title='bbox 580 2876 758 2953; x_wconf 79' lang='grc' dir='ltr'><em>ποοβεβοολε</em></span> <span class='ocrx_word' id='word_1_267' title='bbox 774 2884 803 2935; x_wconf 87' lang='lat' dir='ltr'>et</span> <span class='ocrx_word' id='word_1_268' title='bbox 817 2875 892 2952; x_wconf 80' lang='grc' dir='ltr'><em>καμὲ</em></span> <span class='ocrx_word' id='word_1_269' title='bbox 902 2877 943 2948; x_wconf 91' lang='grc' dir='ltr'>Μ,</span> <span class='ocrx_word' id='word_1_270' title='bbox 961 2893 1035 2949; x_wconf 88' lang='lat' dir='ltr'><strong>quae</strong></span> <span class='ocrx_word' id='word_1_271' title='bbox 1049 2877 1140 2935; x_wconf 89' lang='lat' dir='ltr'>tacite</span> <span class='ocrx_word' id='word_1_272' title='bbox 1155 2894 1227 2935; x_wconf 91' lang='lat' dir='ltr'>corr.</span> <span class='ocrx_word' id='word_1_273' title='bbox 1238 2877 1366 2936; x_wconf 87' lang='lat' dir='ltr'>Bekker.</span> <span class='ocrx_word' id='word_1_274' title='bbox 1382 2910 1412 2918; x_wconf 90' lang='lat'><em>-</em></span> 
     </span>
     <span class='ocr_line' id='line_1_29' title="bbox 292 2967 1413 3046; baseline -0.001 -17"><span class='ocrx_word' id='word_1_275' title='bbox 292 2969 355 3030; x_wconf 81' lang='lat'>201</span> <span class='ocrx_word' id='word_1_276' title='bbox 375 2972 444 3046; x_wconf 79' lang='grc' dir='ltr'><em>νῆας</em></span> <span class='ocrx_word' id='word_1_277' title='bbox 462 2967 500 3034; x_wconf 82' lang='grc' dir='ltr'>ἃς</span> <span class='ocrx_word' id='word_1_278' title='bbox 511 2971 552 3038; x_wconf 88' lang='grc' dir='ltr'>Μ,</span> <span class='ocrx_word' id='word_1_279' title='bbox 574 2970 650 3041; x_wconf 88' lang='lat' dir='ltr'>quod</span> <span class='ocrx_word' id='word_1_280' title='bbox 663 2972 845 3030; x_wconf 90' lang='lat' dir='ltr'>retinuerunt</span> <span class='ocrx_word' id='word_1_281' title='bbox 860 2970 994 3043; x_wconf 89' lang='lat' dir='ltr'>editores,</span> <span class='ocrx_word' id='word_1_282' title='bbox 1015 2971 1084 3028; x_wconf 93' lang='lat' dir='ltr'>licet</span> <span class='ocrx_word' id='word_1_283' title='bbox 1105 2967 1141 3035; x_wconf 83' lang='grc' dir='ltr'>ἃς</span> <span class='ocrx_word' id='word_1_284' title='bbox 1161 2977 1286 3030; x_wconf 90' lang='lat' dir='ltr'>metrum</span> <span class='ocrx_word' id='word_1_285' title='bbox 1306 2972 1413 3030; x_wconf 87' lang='lat' dir='ltr'>violare</span> 
     </span>
     <span class='ocr_line' id='line_1_30' title="bbox 290 3057 1413 3137; baseline 0 -15"><span class='ocrx_word' id='word_1_286' title='bbox 290 3064 348 3122; x_wconf 94' lang='lat' dir='ltr'>iam</span> <span class='ocrx_word' id='word_1_287' title='bbox 367 3062 485 3121; x_wconf 87' lang='lat' dir='ltr'>Bekker</span> <span class='ocrx_word' id='word_1_288' title='bbox 505 3063 622 3134; x_wconf 81' lang='lat' dir='ltr'>viderit3</span> <span class='ocrx_word' id='word_1_289' title='bbox 644 3059 690 3119; x_wconf 83' lang='lat' dir='ltr'>dr&#39;</span> <span class='ocrx_word' id='word_1_290' title='bbox 716 3065 788 3122; x_wconf 91' lang='lat' dir='ltr'>coni.</span> <span class='ocrx_word' id='word_1_291' title='bbox 810 3063 949 3123; x_wconf 89' lang='lat' dir='ltr'>Wernike</span> <span class='ocrx_word' id='word_1_292' title='bbox 971 3065 1008 3122; x_wconf 89' lang='lat' dir='ltr'>ad</span> <span class='ocrx_word' id='word_1_293' title='bbox 1030 3064 1187 3136; x_wconf 81' lang='lat' dir='ltr'>Tryphiod.</span> <span class='ocrx_word' id='word_1_294' title='bbox 1208 3082 1236 3137; x_wconf 87' lang='lat' dir='ltr'>p.</span> <span class='ocrx_word' id='word_1_295' title='bbox 1252 3071 1300 3137; x_wconf 87' lang='lat'>43,</span> <span class='ocrx_word' id='word_1_296' title='bbox 1315 3057 1413 3123; x_wconf 63' lang='lat' dir='ltr'>‘metro</span> 
     </span>
     <span class='ocr_line' id='line_1_31' title="bbox 289 3153 1415 3230; baseline -0.002 -14"><span class='ocrx_word' id='word_1_297' title='bbox 289 3157 391 3216; x_wconf 91' lang='lat' dir='ltr'>melius</span> <span class='ocrx_word' id='word_1_298' title='bbox 412 3173 497 3228; x_wconf 89' lang='lat' dir='ltr'><strong>quam</strong></span> <span class='ocrx_word' id='word_1_299' title='bbox 518 3157 678 3214; x_wconf 89' lang='lat' dir='ltr'>sententiae</span> <span class='ocrx_word' id='word_1_300' title='bbox 699 3157 865 3229; x_wconf 90' lang='lat' dir='ltr'>consulens,</span> <span class='ocrx_word' id='word_1_301' title='bbox 892 3157 989 3214; x_wconf 87' lang='lat' dir='ltr'>indice</span> <span class='ocrx_word' id='word_1_302' title='bbox 1009 3156 1175 3216; x_wconf 78' lang='lat' dir='ltr'>Hermanno</span> <span class='ocrx_word' id='word_1_303' title='bbox 1196 3175 1225 3230; x_wconf 89' lang='lat' dir='ltr'>p.</span> <span class='ocrx_word' id='word_1_304' title='bbox 1241 3159 1287 3230; x_wconf 80' lang='lat' dir='ltr'>ll,</span> <span class='ocrx_word' id='word_1_305' title='bbox 1310 3159 1360 3229; x_wconf 88' lang='lat' dir='ltr'>qui</span> <span class='ocrx_word' id='word_1_306' title='bbox 1381 3153 1415 3222; x_wconf 79' lang='grc' dir='ltr'>δς</span> 
     </span>
     <span class='ocr_line' id='line_1_32' title="bbox 288 3249 1413 3326; baseline 0 -18"><span class='ocrx_word' id='word_1_307' title='bbox 288 3267 342 3326; x_wconf 92' lang='lat' dir='ltr'>pro</span> <span class='ocrx_word' id='word_1_308' title='bbox 362 3250 443 3309; x_wconf 83' lang='lat' dir='ltr'>brevi</span> <span class='ocrx_word' id='word_1_309' title='bbox 464 3249 577 3322; x_wconf 82' lang='lat' dir='ltr'><strong>syllaba</strong></span> <span class='ocrx_word' id='word_1_310' title='bbox 600 3250 724 3322; x_wconf 90' lang='lat' dir='ltr'>positum</span> <span class='ocrx_word' id='word_1_311' title='bbox 744 3250 866 3309; x_wconf 89' lang='lat' dir='ltr'>Hesiodi</span> <span class='ocrx_word' id='word_1_312' title='bbox 896 3250 1026 3322; x_wconf 83' lang='lat' dir='ltr'>exemplo</span> <span class='ocrx_word' id='word_1_313' title='bbox 1053 3249 1198 3308; x_wconf 82' lang='lat' dir='ltr'>defendit·</span> <span class='ocrx_word' id='word_1_314' title='bbox 1209 3253 1413 3324; x_wconf 83' lang='lat' dir='ltr'>persuasitque</span> 
     </span>
     <span class='ocr_line' id='line_1_33' title="bbox 289 3340 1415 3422; baseline -0.003 -19"><span class='ocrx_word' id='word_1_315' title='bbox 289 3343 419 3403; x_wconf 90' lang='lat' dir='ltr'>Lehrsio.</span> <span class='ocrx_word' id='word_1_316' title='bbox 463 3341 570 3402; x_wconf 79' lang='lat' dir='ltr'>Contra</span> <span class='ocrx_word' id='word_1_317' title='bbox 591 3340 723 3402; x_wconf 84' lang='lat' dir='ltr'><strong>Graefius</strong></span> <span class='ocrx_word' id='word_1_318' title='bbox 742 3360 771 3415; x_wconf 91' lang='lat' dir='ltr'>p.</span> <span class='ocrx_word' id='word_1_319' title='bbox 787 3349 852 3401; x_wconf 83' lang='lat'>248.</span> <span class='ocrx_word' id='word_1_320' title='bbox 867 3349 938 3401; x_wconf 78' lang='lat'>249:</span> <span class='ocrx_word' id='word_1_321' title='bbox 967 3341 1063 3400; x_wconf 81' lang='lat' dir='ltr'>»Male</span> <span class='ocrx_word' id='word_1_322' title='bbox 1087 3343 1245 3416; x_wconf 87' lang='lat' dir='ltr'>repetitum</span> <span class='ocrx_word' id='word_1_323' title='bbox 1271 3344 1342 3422; x_wconf 79' lang='grc' dir='ltr'><em>νῆας</em></span> <span class='ocrx_word' id='word_1_324' title='bbox 1365 3348 1415 3402; x_wconf 89' lang='lat' dir='ltr'><strong>aut</strong></span> 
     </span>
     <span class='ocr_line' id='line_1_34' title="bbox 289 3435 1414 3509; baseline 0.001 -14"><span class='ocrx_word' id='word_1_325' title='bbox 289 3453 306 3496; x_wconf 93' lang='lat' dir='ltr'>e</span> <span class='ocrx_word' id='word_1_326' title='bbox 325 3436 382 3494; x_wconf 89' lang='lat' dir='ltr'>fine</span> <span class='ocrx_word' id='word_1_327' title='bbox 402 3454 427 3494; x_wconf 85' lang='grc' dir='ltr'><em>ν.</em></span> <span class='ocrx_word' id='word_1_328' title='bbox 449 3436 584 3509; x_wconf 88' lang='lat' dir='ltr'>praeced.</span> <span class='ocrx_word' id='word_1_329' title='bbox 606 3440 657 3494; x_wconf 88' lang='lat' dir='ltr'><strong>aut</strong></span> <span class='ocrx_word' id='word_1_330' title='bbox 675 3435 757 3494; x_wconf 88' lang='lat' dir='ltr'>initio</span> <span class='ocrx_word' id='word_1_331' title='bbox 778 3452 803 3492; x_wconf 85' lang='lat' dir='ltr'>v.</span> <span class='ocrx_word' id='word_1_332' title='bbox 821 3442 874 3495; x_wconf 83' lang='grc'>198</span> <span class='ocrx_word' id='word_1_333' title='bbox 896 3437 1109 3508; x_wconf 87' lang='lat' dir='ltr'>corruptionem</span> <span class='ocrx_word' id='word_1_334' title='bbox 1134 3437 1192 3493; x_wconf 92' lang='lat' dir='ltr'>loci</span> <span class='ocrx_word' id='word_1_335' title='bbox 1211 3435 1327 3495; x_wconf 86' lang='lat' dir='ltr'>videtur</span> <span class='ocrx_word' id='word_1_336' title='bbox 1349 3438 1414 3496; x_wconf 83' lang='lat' dir='ltr'><strong>ells-</strong></span> 
     </span>
     <span class='ocr_line' id='line_1_35' title="bbox 289 3525 1413 3607; baseline 0.003 -21"><span class='ocrx_word' id='word_1_337' title='bbox 289 3529 373 3599; x_wconf 88' lang='lat' dir='ltr'>cisse,</span> <span class='ocrx_word' id='word_1_338' title='bbox 394 3545 457 3586; x_wconf 90' lang='lat' dir='ltr'>cum</span> <span class='ocrx_word' id='word_1_339' title='bbox 478 3534 565 3601; x_wconf 82' lang='lat' dir='ltr'>posto</span> <span class='ocrx_word' id='word_1_340' title='bbox 585 3527 728 3586; x_wconf 89' lang='lat' dir='ltr'>dedisset:</span> <span class='ocrx_word' id='word_1_341' title='bbox 755 3526 830 3602; x_wconf 84' lang='grc' dir='ltr'><em>κάμε</em></span> <span class='ocrx_word' id='word_1_342' title='bbox 855 3529 936 3607; x_wconf 80' lang='grc' dir='ltr'><em>νῆας,</em></span> <span class='ocrx_word' id='word_1_343' title='bbox 963 3527 1041 3592; x_wconf 73' lang='grc' dir='ltr'><em>οἵας</em></span> <span class='ocrx_word' id='word_1_344' title='bbox 1066 3525 1119 3585; x_wconf 83' lang='grc' dir='ltr'>οὐκ</span> <span class='ocrx_word' id='word_1_345' title='bbox 1144 3525 1183 3584; x_wconf 80' lang='grc' dir='ltr'><em>ἐν.</em></span> <span class='ocrx_word' id='word_1_346' title='bbox 1206 3535 1259 3588; x_wconf 89' lang='lat' dir='ltr'>etc.</span> <span class='ocrx_word' id='word_1_347' title='bbox 1282 3530 1413 3589; x_wconf 88' lang='lat' dir='ltr'>alludens</span> 
     </span>
     <span class='ocr_line' id='line_1_36' title="bbox 288 3617 1413 3693; baseline 0.004 -16"><span class='ocrx_word' id='word_1_348' title='bbox 288 3617 308 3677; x_wconf 85' lang='grc'>1.</span> <span class='ocrx_word' id='word_1_349' title='bbox 323 3620 361 3678; x_wconf 86' lang='lat' dir='ltr'>ad</span> <span class='ocrx_word' id='word_1_350' title='bbox 374 3619 472 3692; x_wconf 82' lang='lat' dir='ltr'><strong>Argus</strong></span> <span class='ocrx_word' id='word_1_351' title='bbox 486 3636 598 3691; x_wconf 87' lang='lat' dir='ltr'>navem,</span> <span class='ocrx_word' id='word_1_352' title='bbox 618 3619 655 3677; x_wconf 86' lang='lat' dir='ltr'><strong>ab</strong></span> <span class='ocrx_word' id='word_1_353' title='bbox 669 3620 749 3692; x_wconf 81' lang='lat' dir='ltr'>Argo</span> <span class='ocrx_word' id='word_1_354' title='bbox 764 3621 879 3692; x_wconf 91' lang='lat' dir='ltr'>quidem</span> <span class='ocrx_word' id='word_1_355' title='bbox 895 3626 1080 3690; x_wconf 85' lang='lat' dir='ltr'>exstructam,</span> <span class='ocrx_word' id='word_1_356' title='bbox 1103 3621 1296 3693; x_wconf 78' lang='lat' dir='ltr'>excogitatam</span> <span class='ocrx_word' id='word_1_357' title='bbox 1316 3627 1413 3681; x_wconf 87' lang='lat' dir='ltr'>tamen</span> 
     </span>
     <span class='ocr_line' id='line_1_37' title="bbox 290 3711 1414 3786; baseline 0.003 -17"><span class='ocrx_word' id='word_1_358' title='bbox 290 3727 308 3770; x_wconf 90' lang='lat' dir='ltr'><strong>a</strong></span> <span class='ocrx_word' id='word_1_359' title='bbox 321 3712 461 3785; x_wconf 88' lang='lat' dir='ltr'>Minerva,</span> <span class='ocrx_word' id='word_1_360' title='bbox 482 3711 532 3770; x_wconf 83' lang='lat' dir='ltr'>cir.</span> <span class='ocrx_word' id='word_1_361' title='bbox 547 3713 679 3785; x_wconf 86' lang='lat' dir='ltr'>Apollon.</span> <span class='ocrx_word' id='word_1_362' title='bbox 692 3713 707 3771; x_wconf 94' lang='lat' dir='ltr'>I</span> <span class='ocrx_word' id='word_1_363' title='bbox 722 3720 766 3786; x_wconf 85' lang='grc'>19,</span> <span class='ocrx_word' id='word_1_364' title='bbox 788 3714 888 3772; x_wconf 88' lang='lat' dir='ltr'><strong>autad</strong></span> <span class='ocrx_word' id='word_1_365' title='bbox 904 3729 1008 3785; x_wconf 90' lang='lat' dir='ltr'>equum</span> <span class='ocrx_word' id='word_1_366' title='bbox 1027 3714 1192 3786; x_wconf 86' lang='lat' dir='ltr'>Troianum,</span> <span class='ocrx_word' id='word_1_367' title='bbox 1214 3714 1349 3774; x_wconf 89' lang='lat' dir='ltr'>similiter</span> <span class='ocrx_word' id='word_1_368' title='bbox 1368 3733 1414 3774; x_wconf 93' lang='lat' dir='ltr'>or-</span> 
     </span>
     <span class='ocr_line' id='line_1_38' title="bbox 288 3803 1413 3879; baseline 0.004 -17"><span class='ocrx_word' id='word_1_369' title='bbox 288 3809 358 3873; x_wconf 89' lang='lat' dir='ltr'>tum,</span> <span class='ocrx_word' id='word_1_370' title='bbox 380 3803 433 3862; x_wconf 86' lang='lat' dir='ltr'>cir.</span> <span class='ocrx_word' id='word_1_371' title='bbox 452 3806 607 3878; x_wconf 85' lang='lat' dir='ltr'>Tryphicd.</span> <span class='ocrx_word' id='word_1_372' title='bbox 629 3824 653 3863; x_wconf 89' lang='lat' dir='ltr'>v.</span> <span class='ocrx_word' id='word_1_373' title='bbox 670 3808 714 3865; x_wconf 76' lang='lat'>57.</span> <span class='ocrx_word' id='word_1_374' title='bbox 748 3805 852 3866; x_wconf 85' lang='lat' dir='ltr'>Infelix</span> <span class='ocrx_word' id='word_1_375' title='bbox 872 3822 1006 3879; x_wconf 88' lang='lat' dir='ltr'>acumen,</span> <span class='ocrx_word' id='word_1_376' title='bbox 1033 3807 1156 3867; x_wconf 84' lang='lat' dir='ltr'>Golutho</span> <span class='ocrx_word' id='word_1_377' title='bbox 1176 3815 1273 3867; x_wconf 89' lang='lat' dir='ltr'>tamen</span> <span class='ocrx_word' id='word_1_378' title='bbox 1293 3825 1351 3868; x_wconf 91' lang='lat' dir='ltr'>non</span> <span class='ocrx_word' id='word_1_379' title='bbox 1371 3811 1413 3866; x_wconf 91' lang='lat' dir='ltr'>in-</span> 
     </span>
     <span class='ocr_line' id='line_1_39' title="bbox 290 3895 1413 3976; baseline 0.007 -24"><span class='ocrx_word' id='word_1_380' title='bbox 290 3895 416 3968; x_wconf 79' lang='lat' dir='ltr'>dignum.</span> <span class='ocrx_word' id='word_1_381' title='bbox 455 3898 539 3969; x_wconf 80' lang='lat' dir='ltr'>Quod</span> <span class='ocrx_word' id='word_1_382' title='bbox 559 3899 608 3970; x_wconf 89' lang='lat' dir='ltr'>qui</span> <span class='ocrx_word' id='word_1_383' title='bbox 628 3904 724 3971; x_wconf 81' lang='lat' dir='ltr'>negat,</span> <span class='ocrx_word' id='word_1_384' title='bbox 745 3915 799 3971; x_wconf 88' lang='lat' dir='ltr'>per</span> <span class='ocrx_word' id='word_1_385' title='bbox 818 3914 864 3956; x_wconf 94' lang='lat' dir='ltr'>me</span> <span class='ocrx_word' id='word_1_386' title='bbox 884 3897 956 3958; x_wconf 90' lang='lat' dir='ltr'>duos</span> <span class='ocrx_word' id='word_1_387' title='bbox 976 3916 1075 3958; x_wconf 86' lang='lat' dir='ltr'><strong>versus</strong></span> <span class='ocrx_word' id='word_1_388' title='bbox 1096 3917 1115 3958; x_wconf 90' lang='lat' dir='ltr'><strong>a</strong></span> <span class='ocrx_word' id='word_1_389' title='bbox 1136 3900 1205 3959; x_wconf 77' lang='lat' dir='ltr'>(lod.</span> <span class='ocrx_word' id='word_1_390' title='bbox 1219 3901 1293 3962; x_wconf 91' lang='lat' dir='ltr'>Mnt.</span> <span class='ocrx_word' id='word_1_391' title='bbox 1309 3919 1413 3976; x_wconf 89' lang='lat' dir='ltr'>suppe-</span> 
     </span>
     <span class='ocr_line' id='line_1_40' title="bbox 289 3989 1413 4068; baseline 0.006 -21"><span class='ocrx_word' id='word_1_392' title='bbox 289 3989 408 4060; x_wconf 84' lang='lat' dir='ltr'>ditatas,</span> <span class='ocrx_word' id='word_1_393' title='bbox 430 3991 547 4049; x_wconf 87' lang='lat' dir='ltr'>aliunde</span> <span class='ocrx_word' id='word_1_394' title='bbox 567 3993 713 4052; x_wconf 87' lang='lat' dir='ltr'>desumtos</span> <span class='ocrx_word' id='word_1_395' title='bbox 734 3999 764 4050; x_wconf 90' lang='lat' dir='ltr'>et</span> <span class='ocrx_word' id='word_1_396' title='bbox 777 3993 853 4050; x_wconf 91' lang='lat' dir='ltr'>male</span> <span class='ocrx_word' id='word_1_397' title='bbox 873 3991 920 4050; x_wconf 90' lang='lat' dir='ltr'>hic</span> <span class='ocrx_word' id='word_1_398' title='bbox 932 3993 1056 4053; x_wconf 90' lang='lat' dir='ltr'>insertos</span> <span class='ocrx_word' id='word_1_399' title='bbox 1077 3997 1169 4067; x_wconf 90' lang='lat' dir='ltr'>putet.</span> <span class='ocrx_word' id='word_1_400' title='bbox 1200 3994 1248 4054; x_wconf 88' lang='lat' dir='ltr'>Sic</span> <span class='ocrx_word' id='word_1_401' title='bbox 1261 3995 1343 4068; x_wconf 83' lang='lat' dir='ltr'>Argo</span> <span class='ocrx_word' id='word_1_402' title='bbox 1364 3996 1413 4054; x_wconf 87' lang='lat' dir='ltr'>da·</span> 
     </span>
     <span class='ocr_line' id='line_1_41' title="bbox 290 4077 1070 4155; baseline 0 -15"><span class='ocrx_word' id='word_1_403' title='bbox 290 4081 378 4140; x_wconf 87' lang='lat' dir='ltr'>scribi</span> <span class='ocrx_word' id='word_1_404' title='bbox 398 4082 494 4155; x_wconf 90' lang='lat' dir='ltr'>potuit</span> <span class='ocrx_word' id='word_1_405' title='bbox 514 4083 676 4143; x_wconf 90' lang='lat' dir='ltr'>huiusmodi</span> <span class='ocrx_word' id='word_1_406' title='bbox 695 4099 794 4143; x_wconf 86' lang='lat' dir='ltr'>versu:</span> <span class='ocrx_word' id='word_1_407' title='bbox 1068 4077 1070 4086; x_wconf 86' lang='lat'>&#39;</span> 
     </span>
    </p>
   </div>
   <div class='ocr_carea' id='block_1_4' title="bbox 0 0 1544 4654">
    <p class='ocr_par' dir='ltr' id='par_1_4' title="bbox 0 0 1544 4654">
     <span class='ocr_line' id='line_1_42' title="bbox 0 0 1544 4654; baseline 0 1"><span class='ocrx_word' id='word_1_408' title='bbox 0 0 1544 4654; x_wconf 95' lang='lat' dir='ltr'> </span> 
     </span>
    </p>
   </div>
  </div>
 </body>
</html>
