3092 4662
739 288 950 352 ..56-

279 468 345 527 dem
364 473 461 528 tamen
474 469 522 528 vix
541 468 652 543 dubito,
674 471 743 543 quin
764 471 852 530 latins
873 471 953 530 uicus
974 473 1123 545 serpserit.
1145 487 1211 530 nam
1232 473 1283 544 qui
1302 473 1413 532 similia

278 561 443 634 amphorae
464 562 596 635 exempla
616 563 693 637 apud
718 563 880 623 colluthnm
901 564 1056 624 contulerit
1075 582 1100 623 v.
1115 571 1187 625 245:

481 701 571 772 δνδος
591 703 731 784 ἀνηέξησε
754 705 930 784 παραίφασιν
946 703 1095 765 Ἀπόλλωνι

481 793 572 864 δνδος
592 796 736 876 ἀριζήλοιο
762 797 932 876 φερώνυμον
952 796 1104 877 ἡβητῆρος,

277 928 307 982 et
326 940 351 980 ν.
367 930 437 982 349:

480 1023 604 1100 ἀστέρες
624 1022 780 1097 ὑπνώουσι,
802 1024 851 1083 καλ
871 1021 902 1083 ἐν
923 1024 1094 1084 σκοτέεσσιν
1115 1023 1200 1082 ἕαδεν

483 1115 607 1195 ἀστέρες
628 1115 801 1190 ἀντέλλουσι,
823 1116 871 1174 καλ
891 1115 924 1174 οὐ
943 1116 1114 1195 παλίνορσος
1134 1117 1233 1191 ἱκάνει,
1307 1145 1314 1154 ·

276 1273 325 1331 nbi
345 1273 466 1332 alterum
487 1290 602 1333 versum
622 1274 709 1332 alteri
728 1278 811 1346 patet
836 1273 1006 1330 examussim
1028 1271 1085 1344 [ii]
1100 1272 1288 1344 respondere,
1311 1289 1402 1331 nonne

275 1365 388 1438 patebit
407 1366 454 1424 hic
475 1381 587 1438 quoque
601 1364 694 1423 simile
707 1370 823 1437 poetae
838 1364 987 1421 consilium
1001 1361 1101 1436 fuisse,
1122 1379 1208 1434 quum
1224 1369 1305 1422 certe
1320 1366 1407 1425 verba

276 1455 360 1534 νόσφι
373 1457 407 1516 δὲ
424 1457 615 1535 βοσκομένων
628 1458 852 1516 accuratissime
866 1458 901 1514 iis
916 1456 1113 1530 respondeant
1127 1472 1202 1526 quae
1219 1456 1322 1514 eodem
1343 1463 1408 1517 sunt

276 1552 395 1608 alterius
416 1568 515 1609 versus
535 1553 618 1611 loco?
649 1569 685 1611 ac
709 1554 792 1610 licuit
814 1556 920 1624 poetae
937 1551 1079 1608 scribere:
1101 1548 1186 1626 νόσφι
1206 1547 1240 1607 δὲ
1258 1548 1405 1626 βοσκομέ-

277 1661 331 1700 νοιν
356 1641 424 1700 διῶν
449 1641 569 1720 ηρίόμεε
593 1645 664 1701 πῶυ.
696 1646 751 1704 hoc
781 1645 871 1716 igitur
896 1644 941 1702 vel
968 1645 1060 1701 simile
1081 1644 1150 1715 quid
1170 1642 1337 1702 Golluthnm
1358 1644 1407 1703 de·

276 1734 354 1793 disse
389 1752 557 1808 persuasum
578 1736 698 1796 habeo«
736 1737 904 1796 Schneideri
928 1737 1176 1795 ratiocinationem
1196 1738 1246 1808 qni
1265 1737 1409 1810 probavit,

275 1828 417 1886 Tournier
436 1846 464 1901 p.
477 1819 516 1887 ‘22
537 1827 621 1905 νόσφι
648 1828 682 1887 δὲ
699 1829 882 1905 βοσκομένης
902 1826 1051 1906 διεμέτρεε
1071 1825 1153 1886 πώεα
1177 1829 1293 1907 ποίμνης
1320 1830 1409 1889 scribi

273 1921 367 1994 iussit,
387 1923 492 1982 collato
512 1923 614 1983 Nonne
634 1923 720 1983 Dion.
748 1923 888 1981 XXXVII
909 1929 944 1981 51
972 1921 1020 1978 xci
1044 1919 1146 1985 πολέες
1167 1921 1313 1997 σφάζοντο
1333 1920 1408 1998 βόες

276 2013 324 2072 καὶ
342 2013 440 2072 πώεα
459 2016 612 2094 ποίμνης.
629 2050 661 2058 -
677 2017 742 2088 Ego
765 2017 912 2087 vulgatam
925 2016 1040 2086 retinui,
1062 2031 1125 2073 cnm
1140 2016 1227 2073 etiarn
1241 2032 1267 2072 v.
1284 2022 1339 2074 114
1359 2013 1410 2071 καὶ

275 2112 411 2187 ταύρων
431 2107 558 2186 ἀμέλησε
572 2108 619 2165 καὶ
639 2107 692 2166 οὐκ
707 2107 858 2183 ἐμπάζετο
876 2106 994 2185 μήλων
1015 2108 1116 2166 eadem
1131 2109 1279 2178 vocabula,
1301 2107 1408 2179 quibus
1521 2129 1522 2154 ι

275 2204 458 2277 iuxtapositis
484 2203 609 2261 offensus
631 2209 674 2261 est
702 2203 873 2274 Schneider,
902 2204 1061 2274 socientur,
1088 2209 1118 2260 et
1141 2203 1260 2260 verbum
1285 2197 1409 2259 ἐδόκευε
1521 2256 1522 2283 ,

274 2313 300 2353 v.
315 2302 370 2353 263
392 2295 642 2358 existimandi.
664 2313 695 2354 v.
720 2304 817 2355 autem
838 2304 894 2356 264
914 2296 1062 2354 videndi
1083 2294 1324 2368 significationes
1341 2296 1406 2355 Gol-

274 2389 355 2446 lutho
375 2394 544 2460 usurpatum
558 2389 663 2461 probet
677 2390 893 2449 Schneiderum
915 2407 949 2450 eo
970 2406 1026 2447 non
1040 2389 1174 2448 debuisse
1195 2389 1310 2462 offendi,
1331 2389 1409 2460 quod

270 2480 348 2560 μῆλα
366 2497 392 2538 v.
410 2485 463 2539 104
484 2486 587 2539 totam
607 2482 716 2539 Priami
737 2481 826 2560 ληίδα,
848 2489 976 2568 quarto
997 2487 1093 2540 autem
1114 2482 1218 2539 abhinc
1231 2497 1318 2539 versu
1338 2497 1408 2542 oves
1520 2473 1521 2536 i

275 2575 352 2633 solas
379 2573 531 2646 significet.
565 2576 706 2634 Praetera
727 2577 827 2634 eadem
848 2593 948 2635 versus
968 2575 1098 2633 clausula
1119 2575 1226 2646 legitur
1239 2574 1317 2648 apud
1329 2576 1409 2634 Non·

275 2685 343 2727 num
364 2668 450 2727 Dion.
472 2675 518 2742 24,
540 2676 595 2727 223
616 2670 707 2726 πυκνὰ
727 2666 903 2746 δορικτήτων
919 2665 1046 2744 ἱερεύετο
1065 2663 1146 2724 πώεα
1160 2662 1266 2744 μηλων.
1297 2667 1409 2727 Iniuria

276 2763 363 2822 etiam
390 2759 511 2839 ἢρίδμεε
539 2778 593 2833 pro
619 2759 768 2837 διεμέτρεε
793 2761 943 2821 substituit
961 2760 1133 2830 Schneider,
1159 2761 1321 2819 scilicetne
1340 2777 1409 2819 ean-

275 2856 340 2913 dem
359 2854 421 2912 iere
446 2853 685 2925 significationem
711 2860 801 2926 atque
830 2856 1032 2928 praecedentis
1059 2871 1158 2912 versus
1179 2854 1315 2927 verbnm,
1339 2873 1408 2931 πεμ-

274 2945 395 3019 πάζετο,
427 2948 513 3004 huius
539 2964 652 3019 quoque
677 2965 776 3007 versus
797 2949 913 3007 verbum
935 2951 1049 3008 habeat
1087 2950 1143 3008 Est
1163 2950 1237 3006 enim
1258 2947 1408 3026 διεμέτρεε

275 3045 305 3100 et
326 3041 374 3098 hic
399 3045 429 3097 et
449 3040 498 3097 ubi
519 3040 619 3098 eodem
635 3058 734 3101 versus
749 3042 818 3101 sede
839 3043 946 3116 legitur
966 3061 991 3103 v.
1007 3046 1071 3116 237,
1092 3044 1209 3102 oculis
1229 3043 1407 3113 dimetiri,

272 3140 306 3192 ut
325 3139 404 3193 recte
424 3134 465 3192 ibi
482 3135 569 3193 vertit
587 3134 695 3209 Lehrs,
720 3153 783 3195 cnm
803 3154 829 3195 ν.
854 3139 907 3196 107
935 3137 1082 3196 dividendi
1109 3138 1154 3195 vel
1176 3136 1295 3194 curandi
1316 3137 1405 3208 signi·

271 3230 435 3292 ficationem
463 3230 530 3288 huic
559 3230 698 3290 vocabulo
730 3233 805 3290 maie
848 3233 1022 3304 interpretes
1049 3230 1228 3288 tribuissent.
1274 3230 1407 3288 Alteram

273 3323 442 3384 Schneideri
462 3325 671 3384 coniecturam
698 3323 846 3401 διεμέτρεε
866 3324 928 3382 πῶυ
944 3319 1011 3402 μέγ’
1036 3323 1104 3382 οἰῶν
1129 3324 1303 3396 improbavit
1328 3322 1407 3380 Lud-

272 3419 342 3478 wich
368 3418 464 3491 Symb.
490 3419 554 3476 crit.
596 3437 624 3490 p.
645 3426 679 3478 31
708 3423 828 3490 propter
857 3419 992 3477 viciosum
1018 3418 1181 3488 elisionem,
1213 3431 1287 3488 quae
1322 3432 1408 3488 argn-

273 3512 377 3568 mentis
398 3512 606 3572 aSchneidere
630 3512 728 3570 allatis
750 3513 798 3569 vix
818 3517 979 3570 excusetur.
995 3543 1032 3554 —
1047 3508 1107 3570 108
1129 3529 1222 3575 καιτις
1234 3510 1277 3583 Μ,
1298 3506 1347 3566 καὶ
1364 3508 1408 3576 τὶς

275 3602 306 3676 O,
327 3602 381 3660 καί
395 3606 487 3676 ras,
509 3605 563 3661 καί
585 3624 611 3660 τι
633 3603 679 3675 W,
702 3611 732 3662 et
751 3617 778 3661 τι
796 3604 1055 3662 habetctiamP'
1047 3621 1075 3661 ln
1095 3620 1196 3677 marg,
1218 3604 1272 3660 καί
1287 3605 1406 3662 t'cetln

274 3694 330 3754 fine
351 3712 450 3756 versus
464 3695 540 3815 δόρυ
551 3697 618 3755 cdd.
633 3701 703 3754 vett.
712 3695 890 3771 ;όρεσσ.-
856 3715 1041 3774 -χιμαφης
1060 3696 1127 3755 add
1142 3697 1236 3756 Μ3
1227 3713 1257 3754 111
1270 3696 1315 3767 M,
1336 3693 1407 3773 δορη

274 3822 447 3893 MAOLN,
469 3822 592 3899 δόρυὸ,
616 3822 749 3899 δορυλί,
771 3820 841 3899 δόρυ
861 3821 914 3893 W,
935 3820 1004 3898 δορι
1018 3822 1042 3879 Ρ
1062 3820 1174 3899 (δόρυ
1165 3840 1195 3880 ιο
1215 3838 1305 3894 marg.
1325 3839 1362 3879 m
1377 3827 1406 3896 2)

273 3915 344 3994 δορη
366 3918 398 3988 Q
421 3915 475 3973 καί
494 3936 539 3982 τις
564 3924 594 3975 et
613 3914 684 3992 δορη
701 3920 854 3988 receperat
876 3915 1005 3988 Lennep
1017 3931 1052 3972 ex
1069 3916 1151 3974 libris
1172 3921 1202 3974 et
1225 3932 1260 3974 ex
1282 3915 1408 3974 Falken·

273 4010 379 4084 burgii,
399 4009 535 4103 Brodaei,
549 4009 681 4068 Neandri
702 4011 743 4080 (in
759 4011 862 4080 marg.)
877 4007 911 4066 St
898 4008 1016 4080 tephani
1031 4014 1061 4067 et
1074 4010 1216 4082 Anonymi
1231 4009 1407 4068 coniectura.
