3092 4662
527 280 773 370 1-43--

101 462 197 542 κη’ποο
212 465 302 523 luisse
316 473 346 525 et
360 465 485 537 genuina
497 465 650 536 scriptura,
671 481 745 536 quae
760 465 851 536 qualis
872 463 961 522 luerit
980 466 1042 522 erui
1056 483 1113 524 non
1128 465 1228 538 possit,

102 557 235 629 expulsa,
256 558 285 614 in
300 564 409 616 textum
423 558 534 616 illatam
550 573 621 618 esse.
637 589 674 599 —
690 555 732 616 60
754 554 837 616 ἐνθεν
859 551 903 633 έρι
924 555 1095 633 σπτολέμοιο
1108 557 1149 629 Μ,
1170 552 1229 632 ἔριν

102 699 166 772 SV,
181 665 247 776 ἔρτςν
253 701 328 773 PW,
342 698 476 776 πολέμοιο
488 701 541 760 ON
549 702 645 774 PQS,
660 702 747 774 idque
758 703 865 775 recepi.
880 697 965 777 έρνὸς
975 703 1015 774 Μ,
1027 698 1112 778 ἔρνος
1122 701 1229 773 PSW3

104 791 209 849 ἰδοῦσα
221 794 262 865 Μ,
283 791 389 851 ἑλοῦσα
402 795 463 852 rell.
480 795 562 854 codd.
585 801 614 852 et
627 783 699 853 edd.
734 793 773 854 61
794 794 891 874 μήλων
904 795 931 854 Α
952 800 1032 865 (ante
1046 812 1127 866 corr,
1140 794 1229 872 μῆλον

101 904 140 944 m.
159 893 229 957 sec.)
246 886 536 960 OLNPQRSVW,
556 895 585 946 et
600 889 665 946 edd.
681 891 826 960 antiquae.
856 890 1056 948 Emendarunt
1069 889 1228 961 Brodaeus,

44 1059 48 1064 .
101 979 352 1053 Falkenburgius‚
379 982 436 1043 alii.
468 979 599 1057 ἀρίζηλον
617 981 663 1053 Μ,
689 978 797 1038 δἐίνεοι
815 983 856 1039 Μ.
898 982 1004 1040 Versus
1019 989 1064 1041 60.
1086 989 1121 1040 61
1145 997 1229 1039 vexa-

100 1074 210 1130 tissimi
231 1079 305 1132 suut.
344 1073 417 1132 Cum
439 1092 463 1135 v.
485 1081 521 1132 60
542 1074 640 1132 Eridis
667 1091 769 1133 nomen
796 1076 882 1148 plano
907 1073 1083 1148 superfluum
1110 1091 1173 1133 esse
1199 1080 1229 1133 et

104 1168 280 1224 sententiam
295 1169 481 1238 incongruam
496 1163 609 1224 efficere
630 1167 789 1226 crediderit
809 1162 892 1224 ἔνθεν
913 1166 970 1244 ἄρα
990 1167 1140 1239 πτολέμοιο
1161 1187 1227 1243 προ-

104 1258 228 1335 οἱγγελον
252 1254 336 1334 ἔρνος
360 1255 466 1316 ἑλοῦσα
487 1261 609 1318 coniecit
632 1260 764 1333 Lennep,
796 1259 896 1318 eadem
918 1262 954 1318 de
974 1277 1062 1319 causa
1082 1255 1164 1317 ἔνθεν
1185 1255 1228 1316 ἔτι

105 1351 186 1408 πτολ.
213 1351 359 1424 Runken,
384 1347 467 1409 ἔνθεν
494 1351 527 1410 δὲ
551 1351 701 1428 πτολέμοιο
736 1354 874 1412 Wernike
900 1354 936 1411 ad
967 1354 1122 1427 Tryphiod.
1148 1369 1174 1425 p.
1190 1354 1226 1411 ai

103 1446 158 1516 qui
179 1461 282 1503 nomen
297 1445 394 1502 Eridis
415 1463 523 1503 merum
546 1448 689 1518 glossema
710 1448 738 1502 in
759 1452 868 1504 textum
882 1456 991 1505 temere
1005 1448 1148 1504 invectum
1163 1460 1227 1503 esse

104 1547 135 1596 et
150 1537 183 1595 M
197 1539 263 1596 libri
283 1540 459 1611 scripturam
478 1537 629 1615 πτολέμοιο
651 1545 715 1613 (pro
730 1539 875 1615 πολέμοιο)
896 1540 1002 1598 indicio
1018 1555 1080 1596 esse
1096 1538 1227 1609 credidit,

102 1647 205 1690 uocem
226 1632 449 1704 praecedentem
464 1625 541 1709 Ἔρις
561 1641 725 1707 corruptam
749 1650 821 1691 esse.
861 1633 1056 1705 Suspicionem
1076 1632 1112 1689 de
1132 1648 1228 1690 corru-

102 1725 185 1798 ptela
196 1726 331 1797 probavit
341 1726 486 1784 Hermann
497 1745 526 1799 p,
540 1735 572 1785 11
591 1727 658 1784 ised
672 1743 707 1784 ex
721 1727 902 1798 coniecturis,
918 1742 992 1797 quae
1007 1727 1138 1798 prolatae
1152 1730 1228 1795 sunt,

103 1819 190 1889 duae,
211 1834 285 1889 quae
299 1816 367 1876 ferri
383 1826 510 1891 possunt,
531 1820 673 1893 Lennepii
693 1816 776 1876 ἔνθεν
797 1815 864 1894 ἄρα,
886 1826 916 1877 et
935 1819 1077 1878 Wernikii
1094 1861 1099 1872 .
1117 1860 1123 1872 .
1144 1811 1227 1874 ἔνθεν

106 1907 149 1981 δέ,
170 1909 284 1980 longius
306 1909 342 1969 ab
364 1910 499 1970 librorum
522 1912 664 1984 scriptura
684 1911 832 1982 recedunt,
854 1927 906 1968 nec
924 1913 1028 1969 tollunt
1041 1912 1129 1983 aliud,
1151 1910 1228 1983 quod

103 2005 133 2060 in
158 2003 203 2060 his
225 2004 355 2062 versibus
377 2004 519 2077 displicet,
537 2005 626 2082 μῆλον
647 2006 818 2062 inconcinne
843 2006 996 2076 positum«.
1037 2005 1132 2075 Quare
1153 2019 1228 2061 com-

103 2097 216 2168 paratis
235 2098 372 2154 librorum
399 2099 549 2171 scripturis
578 2093 662 2155 ἔνθεν
690 2094 748 2174 ἔριν
773 2095 908 2173 πολέμοιο
932 2096 1116 2172 προάγγελον,
1143 2093 1228 2170 ἔρνος

106 2187 208 2246 ἰδοῦσα
228 2187 333 2268 Μήλου,
355 2189 496 2268 ἀριζήλων
518 2189 545 2247 τ’
569 2188 740 2267 ἐφράσσατο
761 2188 848 2268 δήνεα
870 2187 994 2266 μόχθων
1019 2191 1135 2262 scripsit
1155 2189 1227 2246 Her-

106 2299 201 2352 mann,
227 2285 339 2355 recepit
363 2284 465 2342 Lehrs.
507 2285 598 2356 Quam
626 2285 797 2358 scripturam
824 2283 872 2354 qui
898 2285 983 2342 etiarn
1008 2290 1128 2356 propter
1152 2282 1226 2339 male

108 2381 274 2448 correptam
301 2376 506 2449 diphthongum
533 2378 721 2450 vituperavit,
748 2376 905 2435 Schneider
925 2394 953 2449 p.
972 2383 1028 2434 412
1052 2381 1132 2433 recte
1151 2369 1227 2450 Ἔρις

105 2469 244 2542 defendit,
267 2473 400 2529 »tametsi
421 2474 496 2530 enim
516 2474 611 2531 omnia
631 2488 706 2544 quae
727 2471 904 2545 praecedunt
918 2471 955 2527 de
975 2470 1075 2527 eadem
1090 2475 1157 2526 sunt
1171 2467 1226 2525 dea

105 2565 192 2635 dicta,
213 2565 308 2637 potuit
328 2571 424 2622 tamen
445 2566 582 2624 hocloco
604 2566 698 2624 denuo
719 2567 886 2622 nominatim
907 2565 1057 2636 appellari,
1078 2579 1163 2633 quum
1177 2579 1227 2620 no·

105 2673 169 2713 vum
197 2657 265 2713 inde
290 2659 372 2728 qnasi
397 2659 534 2731 impetum
561 2668 656 2717 sumat
683 2659 812 2719 narratio
840 2664 869 2715 et
894 2657 1045 2728 descriptis
1071 2671 1144 2725 quae
1171 2670 1226 2712 non

104 2748 232 2823 perfecit
250 2751 319 2807 Eris
339 2753 465 2809 consiliis
486 2752 524 2809 ad
545 2769 609 2810 eum
632 2757 763 2809 transeat
783 2751 860 2808 deae
876 2756 1023 2818 conatum,
1050 2750 1099 2819 qui
1120 2749 1227 2805 exitum

103 2843 261 2902 hahebat«.
301 2844 404 2902 Totum
426 2851 521 2903 autern
542 2847 635 2904 locum
656 2847 698 2902 sic
719 2845 869 2902 constituit
889 2842 1093 2902 Schneiderus:

281 2957 364 3020 ἔνθεν
377 2957 457 3038 Ἔρις
477 2962 627 3038 πτολέμοιο
647 2963 821 3040 προάγγελον
842 2959 926 3039 ἔρνος
947 2961 1046 3020 ἰδοῦσα

274 3054 364 3133 μῆλον
384 3055 515 3131 ἀρίζηλον
560 3094 1044 3114 ,,,,,,,,,,,

279 3189 285 3202 ·
308 3188 314 3202 .
337 3189 343 3206 .
366 3144 533 3224 [ἀοιζήλιον]
554 3143 725 3222 ἐφράσσατο
746 3143 833 3224 δήνεα
849 3144 983 3223 μόχθων.

109 3264 214 3329 »atque
242 3256 373 3333 ἀοίζηλον
399 3263 516 3328 praeter
541 3255 629 3315 libros
651 3272 668 3313 a
693 3255 827 3314 Behkero
854 3254 949 3328 [falso]
974 3257 1115 3315 indicatos
1139 3256 1228 3314 habet

107 3350 193 3409 etiam
208 3351 419 3423 Neapolitanus
442 3350 526 3424 [quod
546 3366 583 3407 ne
603 3351 698 3422 ipsum
717 3349 832 3421 quidem
853 3363 950 3406 verum
972 3353 1027 3422 est]
1050 3355 1079 3408 et
1097 3349 1160 3422 ipse
1180 3365 1227 3408 co·
1310 3353 1314 3368 '

108 3445 162 3503 dex
181 3445 364 3502 Mutinensis.
392 3445 421 3501 in
447 3444 547 3502 eodem
573 3444 672 3501 codice
699 3448 743 3500 est
769 3441 869 3499 ἰδοῦσα
894 3447 971 3512 (nam
996 3442 1100 3513 reliqui
1120 3441 1228 3500 hahent

105 3533 225 3608 ἑλοῦσα)
247 3553 303 3609 quo
325 3546 357 3595 ut
377 3553 430 3609 par
452 3543 515 3594 erat
535 3542 653 3608 recepto
674 3535 835 3593 desiderari
855 3543 938 3608 patet
956 3534 1086 3592 sumendi
1099 3534 1227 3603 verbum,

105 3637 137 3688 ut
158 3631 203 3689 vel
224 3631 280 3688 hoc
293 3630 415 3688 lacunae
429 3630 564 3687 indicium
580 3629 748 3702 praebeat«.
780 3629 843 3700 Ego
858 3645 1005 3687 assensum
1019 3627 1141 3696 cohibui,
1163 3643 1227 3686 cum

105 3729 134 3780 et
153 3722 256 3779 ἰδοῦσα
275 3724 378 3780 mirum
400 3728 537 3795 quantum
558 3725 704 3796 langueat,
726 3729 754 3782 et
765 3723 855 3800 μῆλον
869 3721 1000 3800 ἀρίζηλον
1015 3723 1148 3781 vitiosum
1164 3741 1236 3784 esse.

106 3816 172 3875 inde
192 3822 310 3889 pateat,
332 3817 409 3888 quod
431 3817 580 3875 Collutllus
601 3818 695 3877 Nonni
718 3819 878 3889 exemplum
898 3823 1012 3874 secutus
1036 3834 1228 3892 »proparcxy-

106 3915 172 3968 tona
186 3925 204 3967 a
217 3895 312 3982 primo
328 3923 467 3968 caesurae
487 3912 550 3970 loeo
572 3911 686 3969 videtur
707 3911 890 3982 exclusisse«,
911 3917 943 3969 ut
962 3917 1043 3968 recte
1065 3913 1228 3971 observavit

106 4003 215 4062 Tiedke
238 4005 279 4073 (in
294 4003 488 4062 HermaXIII
507 4023 535 4078 p.
552 4008 616 4064 213.
632 4007 710 4076 214),
732 4004 780 4075 qui
802 4004 908 4062 ibidem
934 4005 1091 4080 Hermanni
1114 4018 1226 4076 quoque
