3092 4662
766 320 977 382 ..64-

315 505 471 578 ungutam
492 506 534 564 sic
548 506 755 578 interpretatus
770 509 823 572 est,
844 521 901 563 nou
914 505 999 577 male,
1019 503 1115 564 iudice
1131 504 1280 578 Lennepio
1297 509 1327 563 et
1340 520 1454 564 assen-
1497 531 1514 556 ο

310 599 403 656 tiente
423 598 511 656 etiam
524 598 669 670 Harlesio‚
690 597 856 656 Brodaeus:
880 602 960 655 »tum
973 598 1164 669 posteriorem
1179 603 1240 655 tum
1260 596 1448 657 anteriorem

311 691 394 764 pedis
419 691 540 764 figuram
565 692 671 763 vidit‹;
703 693 791 751 etiam
818 691 910 749 lulien
940 693 1103 763 genetivum
1133 688 1254 768 πτέρνης
1285 707 1381 762 aeque
1410 707 1454 750 ac

311 784 427 860 ταρσῶν
453 785 489 843 ab
516 781 591 862 ἴχνια
616 801 685 844 voce
706 784 834 858 pendere
859 784 1001 842 intellexit
1027 789 1143 842 secutus
1164 801 1181 842 a
1202 783 1339 855 Lehrsi03
1364 784 1448 843 nihil

312 895 381 950 ergo
401 879 431 934 in
451 879 569 949 vulgata
595 879 718 937 lectione
743 877 919 935 mutandum.
959 876 1031 935 Tum
1061 895 1086 936 ν.
1104 879 1157 937 137
1178 877 1299 951 copulae
1320 875 1449 936 defectu

310 973 373 1029 iure
394 972 518 1030 offensus
536 969 613 1048 χερί
633 970 667 1029 δὲ
686 989 740 1044 pro
758 971 867 1049 χερῶν
888 971 959 1028 coni.
973 971 1103 1044 Lennep,
1118 987 1278 1043 provocans
1300 970 1338 1029 ad
1358 988 1387 1030 ν.
1405 979 1448 1030 62

309 1061 389 1141 χειρὶ
402 1062 435 1121 δὲ
450 1062 596 1142 δινήσασα,
618 1083 642 1123 ν.
660 1067 714 1124 157
726 1064 805 1144 χειρί
819 1063 845 1122 δ’
870 1061 1076 1141 ἐλαφρίζουσα,
1101 1082 1126 1123 ν.
1144 1067 1197 1123 170
1210 1063 1288 1142 χειρὶ
1301 1062 1335 1122 δὲ
1347 1064 1447 1142 μῆλον

311 1152 438 1236 ἔχουσα,
461 1157 513 1216 sed
533 1159 596 1216 iure
617 1158 766 1217 oblocutus
787 1166 832 1216 esi
851 1159 956 1230 lulien,
979 1162 1059 1216 recte
1077 1157 1185 1234 χειρῶν
1205 1152 1313 1214 ἑλοῦσα
1326 1165 1445 1229 ayant

289 1251 387 1323 ‚pris
407 1267 473 1323 par
491 1250 526 1308 la
545 1251 655 1318 main,
681 1256 711 1308 et
728 1249 809 1327 χειρὶ
830 1247 938 1307 ἑλοῦσα
958 1255 1067 1322 ayant
1086 1250 1161 1323 pris
1183 1266 1269 1308 avec
1289 1267 1328 1308 sa
1347 1251 1446 1308 main

310 1349 425 1401 vertens
450 1350 481 1402 et
505 1345 572 1402 huic
604 1345 666 1403 loco
696 1345 777 1417 prius
809 1351 920 1402 tantum
946 1342 1193 1402 accommodatum
1220 1359 1284 1402 esse
1308 1359 1445 1402 monens

310 1436 469 1495 Praeterea
495 1434 655 1512 μειδιόωσα
685 1455 738 1510 pro
768 1435 942 1511 μειδιόωντα
970 1437 1082 1510 recepit
1112 1437 1205 1494 Iulien
1234 1453 1270 1494 ex
1294 1437 1444 1509 Anonymi

310 1531 489 1602 coniectura,
522 1546 606 1601 quam
632 1531 702 1589 satis
729 1530 984 1589 commendabilem
1010 1547 1074 1588 esse
1097 1529 1217 1604 Lennep
1245 1545 1359 1602 quoque
1387 1547 1443 1602 pn·

310 1623 394 1682 tabat
414 1625 670 1695 »quemadmodum
685 1641 770 1683 versu
786 1633 839 1684 156
855 1625 891 1683 de
904 1627 1017 1683 Venere
1040 1627 1102 1680 τοῖα
1123 1621 1156 1681 δὲ
1173 1621 1334 1698 μειδιόωσα
1347 1642 1441 1700 προσ-

309 1713 408 1773 έννεπε
434 1715 621 1794 μηλοβοτῆρα
650 1724 682 1777 ut
707 1719 780 1776 adeo
812 1719 848 1776 de
873 1718 1005 1776 Minerva
1029 1717 1135 1776 blando
1160 1718 1221 1774 risu
1251 1722 1281 1775 et
1300 1717 1438 1776 mollibus

310 1809 405 1867 verbis
417 1799 553 1868 Paridem
574 1812 612 1869 ad
632 1812 759 1871 favorem
780 1814 824 1870 sui
845 1814 963 1871 allicere
983 1814 1118 1885 cupiente
1138 1811 1327 1882 intelligatur.
1364 1809 1438 1870 (lum

309 1909 405 1960 tamen
423 1903 535 1980 μειδιᾶν
574 1905 683 1963 Veneri
710 1911 740 1964 et
767 1906 929 1964 delicatulis
950 1903 1128 1964 amatoribus
1155 1905 1359 1976 potiusquam
1379 1903 1437 1962 Mi-

309 2012 416 2055 nervae
442 1999 480 2055 sit
498 2001 661 2072 proprium,
680 1998 750 2057 ¹fieri
770 2004 884 2073 posset,
909 2006 942 2058 ut
968 1999 1004 2057 de
1030 1998 1174 2056 industria
1198 1997 1350 2070 scripserit
1372 2017 1437 2073 μει-

309 2087 443 2166 διόωντα,
464 2093 570 2165 quippe
592 2093 722 2165 apprime
742 2092 842 2151 Paridi
861 2099 920 2151 tam
947 2093 1081 2164 egregias
1108 2090 1228 2149 dearum
1249 2089 1356 2148 formas
1376 2107 1434 2150 non

309 2190 421 2242 tantum
442 2187 662 2259 contemplanti,
689 2186 741 2244 sed
768 2192 798 2244 et
821 2186 959 2244 iudicium
984 2186 1020 2244 de
1047 2187 1082 2243 iis
1102 2183 1207 2242 ferenti
1233 2185 1433 2242 conveniens«.

308 2276 342 2333 iu
362 2277 457 2334 omnia
477 2278 535 2335 alia
548 2277 620 2336 abiit
634 2276 764 2336 Graeiius
784 2296 812 2351 p.
829 2285 900 2337 246:
927 2278 1070 2336 »Primum
1091 2277 1194 2350 copula
1214 2277 1306 2350 deest,
1327 2276 1431 2334 deinde

308 2369 443 2443 particip.
463 2369 636 2446 μειδιόωντα
656 2372 779 2431 hicnon
799 2372 882 2430 nimis
905 2375 1004 2444 aptum
1026 2378 1082 2441 est3
1110 2370 1237 2442 accedit,
1263 2371 1293 2426 in
1312 2367 1375 2428 cod.
1389 2368 1431 2426 M.

309 2465 396 2523 aliam
415 2464 434 2522 i.
455 2465 606 2524 lectionem
627 2467 728 2524 latere.
770 2465 1018 2538 simplicissimum
1043 2468 1137 2522 esset:
1163 2462 1213 2520 xci
1234 2461 1344 2542 χειρῶν
1364 2461 1432 2538 μέλ-
1540 2507 1541 2534 η

310 2556 395 2614 λοντα
415 2556 471 2614 δικ.
493 2558 545 2616 sed
567 2575 583 2616 e
603 2558 722 2616 divulsis
736 2558 830 2616 literis
844 2557 907 2616 cod.
921 2556 962 2616 M.
978 2557 1077 2614 elicias
1096 2555 1204 2632 χερῶν
1225 2552 1257 2611 δ’
1277 2551 1429 2612 εῖλινόοντα
1538 2543 1540 2596 λ

309 2667 334 2708 ν.
356 2646 516 2708 dilectiorem
546 2653 571 2710 si
601 2653 716 2726 obloqui
746 2655 816 2713 licet
838 2653 917 2712 Viris
945 2653 1036 2712 doctis
1062 2649 1111 2721 qui
1132 2668 1141 2703 ι
1160 2649 1190 2704 in
1214 2648 1242 2706 h.
1264 2665 1289 2706 ν.
1309 2647 1427 2720 produci
1536 2635 1537 2658 ¹

308 2744 531 2816 contenderunt3
556 2762 622 2804 nam
640 2749 718 2824 χειρὶ
737 2742 766 2802 δ’
791 2741 943 2818 ἐλινύοντα,
968 2745 1014 2802 vel
1031 2739 1111 2822 χειρὶ
1129 2737 1164 2796 δὲ
1184 2737 1278 2796 δειλδν
1298 2732 1381 2795 ἐόντα
1399 2757 1425 2798 ν.

308 2833 486 2910 δειμαίνοντα
510 2844 663 2896 ut.v.123
690 2843 719 2895 et
746 2844 800 2897 126
826 2839 884 2895 iam
914 2836 1027 2908 longius
1058 2832 1198 2892 recedit«.
1238 2832 1330 2891 Lehrs
1353 2831 1425 2889 Her·

307 2943 440 2986 mannum
461 2935 577 2987 secutus
601 2935 660 2998 est,
687 2931 895 3004 quip.15.16
916 2947 1015 2989 versus
1039 2931 1102 2988 131.
1118 2934 1172 2987 138
1192 2926 1286 2985 tribus
1312 2926 1423 2987 affectos

309 3037 373 3080 esse
393 3021 472 3080 vitiis
495 3022 656 3082 contendit:
679 3024 788 3096 »primo
810 3024 886 3096 quod
905 3039 961 3082 non
976 3028 1043 3080 sunt
1062 3037 1137 3080 uena
1156 3019 1362 3094 superioribus3
1380 3035 1422 3077 se·

307 3114 401 3173 cundo
422 3116 499 3186 quod
524 3133 580 3175 non
606 3123 729 3190 apparet
753 3133 804 3176 cur
823 3117 906 3175 Paris
932 3116 1043 3186 rideat3
1069 3115 1157 3173 tertio
1182 3112 1260 3185 quod
1279 3113 1421 3170 Minervae

307 3223 461 3282 personam
481 3206 604 3267 dedecet
623 3208 671 3266 hio
690 3209 873 3282 supplicandi
897 3208 1009 3268 modus.
1049 3207 1075 3265 E
1096 3206 1159 3265 cod.
1179 3206 1257 3264 Mut.
1278 3204 1418 3278 scripturis

303 3299 369 3377 μειλ
390 3320 403 3358 ν
423 3319 492 3358 εντα
514 3307 544 3359 et
563 3301 593 3358 in
611 3301 667 3370 fine
688 3319 787 3361 versus
807 3298 932 3380 ἐλόσσης
952 3318 1054 3362 vereor
1068 3306 1101 3360 ut
1114 3300 1224 3372 aliquid
1245 3300 1306 3357 erui
1324 3299 1416 3372 possit.

307 3394 376 3452 Fuit
395 3394 473 3452 haud
493 3392 580 3453 dubie
600 3411 653 3467 pro
673 3395 728 3452 hoo
747 3411 832 3453 versu
852 3393 932 3453 aliud
950 3394 1020 3466 quid
1041 3395 1178 3467 scriptum
1200 3409 1217 3450 a
1236 3397 1333 3467 poeta:
1357 3391 1416 3464 ipse

307 3503 407 3544 versus
428 3493 525 3546 autam
545 3492 575 3545 et
594 3489 735 3559 genuinus
756 3494 801 3547 est
822 3494 851 3546 ei
871 3489 1048 3561 aptissimus,
1073 3489 1099 3545 si
1118 3488 1149 3545 in
1168 3487 1263 3546 locum
1282 3501 1356 3544 suum
1373 3499 1415 3542 re-

305 3585 432 3653 ponatur
450 3586 517 3654 pou
537 3597 563 3638 ν.
580 3587 634 3640 158
655 3579 704 3639 ubi
719 3579 755 3638 de
769 3581 882 3640 Venere
901 3581 1096 3654 impudentius
1115 3581 1241 3638 instame
1255 3593 1341 3637 sermo
1359 3582 1412 3634 est:

460 3725 523 3779 τοῖα
542 3722 576 3782 δὲ
593 3723 754 3801 μειδιόωσα
772 3722 945 3802 προσέννεπε
961 3722 1155 3802 μηλοβοτῆρα,

457 3817 566 3894 χερῶν
582 3815 758 3894 μειδιόωντα
776 3816 858 3896 δίκης
877 3814 1069 3895 ποοπάροιδεν
1091 3813 1225 3874 ἑλοῦσαι.

308 3960 389 4033 Quae
415 3958 539 4019 feliciter
563 3960 671 4020 refellit
696 3960 852 4020 Schneider
876 3978 904 4034 p.
919 3967 990 4020 421:
1018 3962 1110 4021 »uam
1135 3961 1212 4035 quod
1236 3961 1410 4033 Hermannns,

296 4053 356 4126 oui
376 4069 402 4112 ν.
419 4060 472 4112 136
492 4060 560 4126 post
579 4072 604 4113 ν.
622 4061 678 4114 158
697 4055 800 4128 reponi
813 4053 937 4127 volebat,
958 4070 1014 4114 uon
1033 4071 1176 4130 apparere
1190 4054 1261 4114 dicit
1278 4053 1407 4114 canaria
