3092 4662
718 310 930 374 ..60-

265 493 436 570 οταθμοΐσιν
456 491 600 564 ἀείδων,
628 493 673 552 cni
699 493 775 566 quod
800 493 936 554 substitui
955 489 980 552 ἑ.
1000 513 1045 552 σε.
1067 490 1173 552 ἰαύων
1198 495 1321 556 eandem
1348 497 1405 556 hic

265 583 506 658 significationem
526 585 643 644 verbnm
664 583 753 644 habet
772 601 858 658 qnam
877 603 903 644 r.
918 593 983 646 849.
1004 617 1041 630 -
1067 588 1120 646 His
1140 589 1290 660 aptissima
1310 589 1405 648 subi·

264 678 352 749 citur,
379 682 439 736 turn
469 677 598 751 quidem,
613 667 709 751 ¹quurn
734 679 855 738 Hermes
879 680 1005 752 reniret,
1020 681 1059 737 ·in
1083 682 1198 754 pascuis
1223 689 1402 741 versantem

262 769 360 828 Parim
380 770 552 830 cantilenam
576 771 753 830 modulatum
774 787 837 830 esse
856 770 929 828 Pani
950 776 979 830 et
998 759 1156 831 Mercurio:

414 899 501 964 ἔνθα
520 903 548 962 δ’
573 901 650 984 ἔχων
672 902 790 983 σύριγγα
810 909 878 963 κατ’
900 899 974 984 ᾔθεοι
993 905 1069 963 καλὰ
1088 904 1246 982 νομεύων

415 997 484 1058 Πανὶ
505 999 553 1057 καὶ
567 999 708 1076 Ἑρμάωνι
727 999 809 1077 φίλην
829 998 1002 1076 ἀνεβάλλετο
1019 998 1136 1078 μολπήν.

263 1125 312 1184 ubi
332 1121 404 1183 ἔνθα
424 1125 459 1184 δέ
477 1127 585 1200 sumpsi
605 1127 784 1200 aLennepio
805 1131 835 1186 et
856 1127 1015 1200 temporale
1030 1143 1095 1186 esse
1109 1134 1188 1200 puto.
1219 1129 1295 1199 quod
1312 1129 1397 1188 enim

262 1219 443 1278 Hermannus
470 1215 572 1276 ἐνθάδ’
605 1220 732 1279 correxit
756 1225 786 1278 et
811 1219 848 1278 ad
873 1219 943 1276 Idae
967 1220 1070 1278 montis
1100 1220 1163 1279 loca
1192 1222 1306 1278 rettulit
1337 1223 1395 1280 ubi

262 1313 345 1371 Paris
360 1313 494 1386 degebat,
515 1313 691 1371 monendum
706 1313 762 1372 duo
783 1309 872 1370 fuisso
893 1312 965 1383 loca,
986 1316 1017 1370 ei
1035 1327 1143 1385 pascua
1164 1318 1193 1370 et
1211 1313 1335 1387 stabula,
1357 1317 1395 1372 in

262 1405 316 1464 hoc
336 1413 432 1465 autem
453 1406 604 1465 verborum
625 1412 763 1466 contextu
783 1402 890 1463 ἐνθάδε
910 1406 957 1463 vix
977 1405 1033 1464 alio
1058 1412 1144 1477 atque
1170 1406 1208 1463 ad
1235 1405 1393 1483 σταθμούς

262 1515 287 1556 v.
305 1506 358 1556 112
378 1497 482 1558 referri
501 1517 600 1572 posse,
628 1499 704 1571 quod
729 1497 791 1556 fieri
817 1505 973 1572 propterea
998 1499 1111 1569 nequit,
1137 1499 1271 1569 quoniam
1296 1517 1390 1572 quum

262 1592 383 1650 Hermes
404 1593 550 1664 veniebat,
577 1593 682 1651 nonin
708 1591 845 1663 stabulis,
872 1590 923 1648 sed
950 1592 979 1648 in
1004 1591 1119 1663 pascuis
1140 1591 1222 1649 Paris
1248 1599 1327 1663 erat,
1352 1600 1390 1652 ut

261 1688 379 1757 praeter
399 1701 424 1741 ν.
442 1692 495 1744 102
507 1701 548 1756 sq.
569 1685 597 1742 in
617 1685 672 1743 hoo
692 1685 758 1756 ipso
773 1699 858 1742 versu
872 1685 997 1756 positum
1011 1684 1096 1741 docet
1109 1700 1211 1742 nomen
1225 1677 1299 1760 ἤθεα
1321 1684 1386 1757 (cfr.

262 1778 344 1835 Horu.
365 1777 398 1834 Il.
420 1785 450 1848 6,
474 1785 527 1836 511
551 1783 580 1835 et
603 1784 653 1849 15,
680 1781 762 1847 268),
787 1777 856 1835 item
877 1777 1061 1850 participium
1085 1773 1221 1853 νομεύων.
1246 1777 1288 1834 ita
1309 1779 1387 1836 enim

262 1876 363 1943 aperte
393 1871 574 1930 scribendum
602 1886 665 1929 esse
690 1886 743 1943 pro
769 1867 906 1946 νομήωνι.
948 1870 1030 1927 Haec
1054 1870 1165 1927 acutius
1190 1869 1276 1928 credo
1298 1886 1386 1941 quarn

261 1965 356 2023 verius
378 1965 549 2037 Schneider,
576 1981 610 2022 ex
635 1964 715 2022 cuius
743 1963 914 2022 coniecturis
951 1960 1084 2019 ἀπέκειτο
1105 1967 1142 2032 (ν.
1165 1968 1230 2033 110)
1256 1968 1286 2020 et
1310 1957 1385 2020 ἔνθα

261 2052 292 2114 δ’
305 2053 383 2136 ἔχων
404 2063 441 2130 (ν.
459 2067 524 2130 115)
546 2059 652 2130 recepi.
683 2057 728 2115 De
747 2057 868 2127 reliquis
889 2057 978 2114 aliter
998 2056 1099 2126 sentio,
1120 2047 1183 2113 cum
1203 2061 1290 2128 poeta
1310 2057 1385 2115 haec

263 2153 388 2210 voluisse
401 2153 470 2210 mihi
485 2151 630 2208 rideatur:
666 2149 831 2207 »Pastorale
846 2154 940 2206 autem
955 2148 1059 2220 pedum
1074 2147 1184 2220 aberat,
1205 2149 1272 2218 quia
1293 2165 1382 2222 saepe

261 2245 290 2301 in
310 2250 422 2302 antrum
443 2249 555 2301 suetum
583 2241 743 2315 procedens
769 2238 865 2298 fistula
890 2257 993 2298 canere
1020 2241 1145 2312 solebat,
1171 2256 1259 2314 saepe
1284 2247 1383 2300 autern

261 2337 289 2394 in
310 2337 425 2408 pascuis
446 2352 553 2394 canens
573 2337 682 2392 nullam
703 2335 799 2406 gregis
820 2351 917 2392 curam
937 2333 1090 2392 habebat«.
1132 2333 1212 2406 Quae
1231 2336 1300 2394 licet
1324 2351 1382 2395 non

260 2429 343 2488 nimis
355 2429 501 2502 elegantia
510 2430 576 2501 sint,
592 2436 687 2486 tamen
697 2429 794 2486 nescio
806 2444 861 2498 quo
875 2427 959 2487 modo
971 2428 1033 2486 iure
1044 2429 1201 2501 vituperari
1212 2429 1331 2500 possint.
1349 2462 1376 2470 —-

260 2519 392 2580 ἐπέκειτο
413 2521 566 2594 (pestibus
587 2519 709 2579 adfixum
735 2521 825 2590 erat’)
853 2518 929 2589 quod
948 2519 1089 2577 Tournier
1109 2537 1136 2592 p.
1152 2527 1187 2578 23
1208 2520 1331 2578 coniecit
1352 2524 1382 2578 et

260 2620 391 2691 sequenti
405 2617 591 2692 descriptioni
613 2615 679 2673 inde
700 2632 717 2674 a
738 2617 816 2678 τοῖος
839 2614 941 2671 melius
963 2614 1115 2672 convenire
1136 2613 1216 2685 dixit,
1237 2629 1301 2671 eum
1315 2613 1380 2671 Mu-

259 2713 363 2771 tinensi
383 2712 526 2785 scriptura
540 2728 558 2769 a
571 2710 716 2783 plerisque
741 2707 864 2780 probata
884 2709 962 2771 τοῖος
981 2702 1057 2763 ἐπεὶ
1076 2707 1168 2764 minus
1189 2713 1257 2780 apto
1275 2707 1380 2766 sociari

259 2822 344 2879 posse
370 2805 439 2863 mihi
465 2804 587 2863 videtur.
613 2833 650 2842 -
678 2801 760 2872 Quod
786 2806 881 2858 autem
908 2799 945 2857 ad
972 2795 1036 2855 κατ’
1065 2791 1138 2876 ἤθεα
1164 2798 1239 2856 καλὰ
1270 2797 1379 2877 νομήων

259 2899 372 2967 attinet,
393 2903 472 2955 recte
486 2896 558 2953 haec
578 2911 596 2951 a
616 2893 736 2952 Lehrsio
757 2891 949 2965 interpretata
970 2908 1033 2950 esse
1054 2890 1200 2964 videntur,
1222 2893 1273 2964 qui
1291 2894 1380 2951 vertit

261 3006 382 3063 »gerens
406 2988 531 3047 fistulam
557 2986 713 3045 secundum
738 2984 959 3043 consuetudines
985 2985 1119 3058 pulchras
1139 2989 1286 3057 pastorum
1306 2984 1379 3043 Pani

259 3088 289 3144 et
308 3083 455 3140 Mercurio
470 3087 581 3154 gratam
597 3079 737 3140 offerebat
752 3079 951 3138 cantilenam«.
975 3113 1003 3120 —
1030 3076 1084 3138 117
1105 3099 1152 3134 και
1166 3079 1211 3149 Μ,
1228 3075 1378 3155 μυκήσατο

258 3175 382 3254 ταῦρονς
402 3175 448 3248 Μ,
468 3171 633 3251 μοκῆσαντο
655 3171 755 3249 ταῦροι
775 3172 857 3230 codd.
879 3172 949 3230 dett.
971 3177 1001 3231 et
1022 3171 1086 3231 edd.
1108 3173 1205 3244 antiq.,
1226 3173 1281 3230 nisi
1302 3173 1378 3244 quod

255 3319 420 3400 μηκίισαντο
435 3323 473 3394 Q3
494 3316 593 3396 ταύροι
607 3321 637 3391 0,
658 3287 846 3400 ταῦροιςΝΒς
867 3325 1231 3397 concremandam,
1254 3325 1378 3384 Fulken·

258 3414 331 3488 burg
352 3422 382 3475 et
396 3415 567 3490 Stephanus.
585 3449 617 3458 -
640 3415 695 3476 118
711 3437 818 3494 μοονην
838 3415 865 3474 δ’
890 3419 930 3490 Βς
948 3417 1183 3495 μοϋνημονόεοσα
1202 3420 1247 3490 Μ;
1265 3417 1377 3494 βοησα-

258 3506 374 3572 δίδατος
394 3509 434 3580 Μ,
456 3508 531 3566 unda
553 3506 641 3586 βοῆς,
671 3511 700 3567 in
725 3512 802 3581 quod
828 3511 913 3568 etiam
939 3512 1057 3586 Lonnep
1084 3512 1239 3583 inciderat,
1267 3512 1377 3585 primus

257 3601 367 3672 recepit
387 3599 607 3678 Βο111ωι,βοήν
632 3602 714 3662 codd.
736 3603 807 3663 dett.
829 3611 859 3664 et
879 3604 944 3664 edd.
966 3612 1032 3664 ante
1058 3606 1231 3666 Bakkerum.
1260 3640 1294 3647 ·-
1321 3601 1376 3662 119

257 3691 353 3749 ϊδοίων
367 3693 413 3764 Μ;
433 3691 569 3772 ἀντῖαχος
588 3690 669 3773 ἴαχεν
687 3696 727 3768 Μ,
749 3698 801 3756 sed
821 3698 853 3756 M
875 3705 891 3756 2
918 3697 1008 3774 θροις
1027 3701 1145 3772 scripsit
1165 3717 1254 3772 supra
1275 3697 1376 3776 ἴαχος,·

257 3783 425 3859 ἀντιί9μονος
436 3787 474 3858 G3
495 3785 559 3865 ἠχώ
572 3787 645 3859 LN3
662 3819 693 3830 -
717 3788 778 3850 120
794 3792 823 3849 in
837 3788 935 3867 ταῦροι
949 3811 966 3846 ο
980 3807 1016 3850 ex
1029 3812 1045 3848 ιι
1059 3793 1092 3850 Μ
1104 3799 1133 3863 1;
1155 3791 1188 3849 δε
1201 3793 1246 3863 Μ;
1265 3791 1313 3870 χλ.
1330 3788 1377 3847 καὶ

257 3877 400 3954 κορκότες
424 3876 518 3956 odonia
545 3883 609 3954 (sed
633 3882 764 3942 ultimum
783 3902 799 3940 ε
819 3885 970 3955 inaurium)
996 3885 1043 3958 Μ,
1070 3886 1122 3944 sed
1145 3883 1253 3962 μκότες
1282 3882 1378 3962 detritis

255 4022 335 4101 ποίη-ς
355 4022 484 4081 additum
506 4030 550 4082 est
569 4041 587 4083 a
607 4026 638 4083 M
653 4033 683 4097 33
705 4024 738 4084 δὲ
758 4043 812 4086 om.
833 4027 903 4099 LQ3
926 3991 1115 4104 κεκομικότες
1129 4028 1165 4100 0;
1184 4027 1320 4106 χλωεμῆς
1341 4044 1377 4087 ex
