3078 4654
639 309 851 373 ...83-

181 493 300 552 Nonnus
323 502 367 566 16,
382 502 439 554 398
461 495 509 551 κοιλ
528 493 634 571 δρόμον
655 492 844 553 ἐννεάκυκλον
865 489 1062 552 ἐπιστώσαντο
1079 491 1198 572 σελήνης
1211 497 1242 554 et
1255 499 1301 566 41,

185 594 240 646 158
254 585 303 642 καὶ
317 585 423 663 δρόμον
437 583 628 645 ἐννεάκυκλον
641 585 830 664 οἷνουιλήσασα
844 585 965 666 σελήνης
976 587 1113 646 laudatus
1127 604 1145 645 a
1158 585 1302 648 Bellero.

181 711 219 722 -
240 677 301 738 216
323 679 396 736 ενδα
414 680 460 752 Μ;
481 679 686 759 διαστείχουσα
699 681 741 753 Μ,
761 682 789 739 Α
808 686 876 739 ante
896 697 980 752 corr,
1002 682 1040 752 (Μ
1061 684 1091 738 et
1111 680 1153 738 sic
1172 695 1303 740 comere·

183 777 250 829 runt
270 773 388 830 Dorvill.
411 778 441 831 et
454 773 588 847 Lennep;
610 771 799 852 διαστίχουσα
818 774 883 834 rell.
903 773 986 832 codd.
1009 779 1039 832 et
1059 772 1125 831 cdd.
1146 779 1214 832 ante
1227 773 1303 832 Len·

181 866 311 938 nepium3
338 863 451 943 κινύρεο
476 884 512 925 ex
531 867 564 924 M
588 865 707 924 Bekker
732 871 764 924 et
787 867 849 924 rell.
873 871 941 938 post
966 883 1031 924 eum
1056 864 1136 938 edd,
1165 862 1303 943 κινύρετο,

183 957 259 1028 quod
283 960 396 1031 recepit
419 959 555 1032 Lennep,
577 959 659 1018 codd.
685 957 756 1017 dett.
781 965 899 1030 praeter
920 958 959 1031 G,
985 959 1123 1030 quicum
1151 957 1216 1016 edd.
1237 965 1304 1018 aute

182 1050 360 1124 Lennepium
386 1053 475 1111 habet
500 1049 641 1129 κινύρατυ.
669 1083 701 1095 -
730 1050 814 1128 φυλίς
840 1057 907 1110 ante
932 1068 1006 1110 corr.
1033 1051 1065 1121 S;
1096 1046 1170 1125 ἀκμί
1189 1070 1238 1129 την
1262 1052 1303 1125 Μ,

183 1140 299 1221 ὅμοι’την
319 1145 347 1204 R
367 1152 397 1204 et
416 1143 482 1205 fort.
503 1148 544 1218 N3
566 1143 675 1202 ἀκοίτιν
695 1145 760 1204 edd.
786 1145 885 1218 antiq,
906 1161 978 1204 corr.
1001 1145 1089 1202 etiam
1102 1143 1246 1204 Perdrier.
1268 1176 1303 1187 —

185 1235 244 1295 21⁷
265 1236 437 1316 δεχνυμένην
457 1239 502 1312 Μ,
530 1236 687 1317 δεχνυμένη
711 1255 746 1298 ex
765 1239 920 1310 Anonymi,
941 1237 1068 1296 Brodaei
1093 1242 1122 1294 et
1141 1252 1194 1295 sua
1213 1238 1304 1310 ipsius

184 1331 351 1391 coniectura
360 1317 762 1411 recepitLeunep3dpvope'vp
772 1332 925 1391 relleodd.
933 1337 963 1390 et
972 1336 1039 1389 ante
1049 1329 1228 1404 Lenneplum
1239 1330 1304 1390 edd.

185 1455 221 1463 —
242 1443 371 1500 απημονα
384 1426 430 1498 Μ;
454 1427 581 1499 »Phyllis
603 1442 709 1500 cupere
729 1425 831 1484 debuit
845 1427 979 1484 manlium
1000 1419 1126 1500 ἀπήμονα
1144 1422 1305 1482 rediturum

184 1533 257 1586 esse,
280 1519 332 1576 sed
352 1535 416 1576 cum
436 1520 619 1578 nihilominus
640 1519 729 1578 etiam
741 1535 797 1578 non
811 1515 927 1596 ἀπήμων
940 1518 1037 1576 redire
1051 1517 1188 1590 potuerit,
1209 1517 1305 1574 malim

183 1609 326 1688 ἀγήνοραι
348 1613 490 1671 Tournier
509 1631 538 1686 p.
560 1621 605 1672 28.
630 1645 662 1655 —-
685 1611 744 1671 218
764 1610 870 1668 οππότε
890 1611 936 1681 Μ;
960 1607 1098 1687 αδηναίης
1117 1609 1164 1682 Μ;
1184 1629 1239 1666 ano
1258 1609 1306 1681 M3

185 1701 281 1780 δήμων
302 1725 345 1780 ηρ.
364 1725 421 1780 μου
441 1711 474 1764 ut
493 1705 646 1764 videturG
667 1711 733 1764 ante
754 1722 837 1776 corr,
858 1702 947 1781 δήμου
968 1703 1002 1776 G,
1023 1701 1118 1780 δήμων
1137 1703 1201 1761 rell.
1222 1702 1305 1761 codd.

186 1803 216 1856 et
237 1798 302 1856 edd.
323 1805 442 1871 praeter
456 1800 575 1859 Portum
590 1806 621 1858 et
639 1800 790 1870 Iulianum,
810 1799 859 1870 qui
879 1795 968 1875 δήμου
990 1812 1025 1857 cx
1040 1797 1121 1855 Porti
1141 1797 1306 1855 coniectura

185 1890 366 1963 aLeuuepio
380 1893 543 1965 improbata
557 1893 742 1965 scripserunt.
769 1891 879 1964 Quibus
892 1890 1045 1949 obsecutus
1066 1905 1137 1962 sum,
1161 1905 1225 1947 cum
1246 1890 1306 1948 url-

185 1993 256 2054 gata
276 1985 421 2058 scriptura
444 1986 545 2057 epicae
566 1985 705 2044 orationis
728 2000 785 2041 nou
810 1999 874 2042 esse
897 1983 967 2040 mihi
991 1984 1053 2045 visa
1078 1984 1124 2041 sit.
1161 1977 1307 2058 Ἀθηναίης

186 2073 241 2132 ἀπὸ
263 2074 359 2156 δήμων
381 2095 417 2136 ex
437 2080 534 2150 glossa
548 2075 676 2156 Ἀθήναις
695 2075 857 2153 ἀποδημῶν,
877 2091 951 2148 quae
971 2091 1069 2133 veram
1088 2075 1253 2134 lectionem:
1273 2073 1307 2141 ἐς

183 2165 296 2226 Ἀτδιδα
317 2174 397 2246 γαῖαν
420 2169 554 2228 ἀπελθὼν
575 2171 731 2243 expulerit,
757 2171 829 2228 mire
850 2168 975 2227 credidit
994 2168 1135 2227 Tournier
1153 2187 1182 2242 p.
1203 2176 1249 2227 28.
1268 2202 1305 2212 -

186 2261 247 2321 219
273 2264 315 2319 τῶ
341 2264 387 2336 Μ;
410 2261 608 2341 βαδυκλήροις
634 2264 673 2335 Q3
702 2259 899 2340 βαθυκλήροιο
923 2262 952 2318 in
977 2260 1168 2334 suspicionem
1193 2265 1306 2322 vocavit

185 2356 327 2415 Tournier
346 2375 373 2430 p.
394 2366 440 2430 30,
462 2359 511 2430 qui
529 2357 623 2417 Iocum
648 2373 684 2414 ex
703 2357 799 2415 Nonui
818 2356 903 2415 Dion.
922 2355 1007 2428 XIII,
1028 2356 1064 2414 70
1089 2356 1196 2428 corrigi
1219 2371 1304 2429 posse

187 2450 331 2521 opinatur,
347 2451 395 2509 ubi
411 2450 461 2508 alii
473 2448 685 2527 βαδυκνήμους,
706 2452 756 2509 alii
769 2446 994 2528 βαδυκρήμνυυς
1005 2447 1167 2523 ediderunt,
1186 2466 1305 2522 quorum

183 2535 265 2613 prius
280 2548 361 2600 extat
375 2543 405 2599 ln
423 2545 531 2615 optimo
543 2542 644 2601 codice
655 2543 860 2601 Laurentiano.
879 2540 1036 2618 διαχδονος
1045 2541 1092 2612 Μ;
1102 2542 1253 2620 αλμονίηιυν
1262 2544 1304 2614 Μ,

186 2632 337 2712 αι’μυνιήων
352 2635 416 2708 GR,
432 2635 604 2715 αἱμονιήοων
619 2637 652 2710 Ρ,
666 2633 823 2712 ἐμμονιήιυν
835 2636 871 2705 A,
885 2631 1047 2712 ἐμμυνιήιυς
1061 2636 1093 2706 Q.
1124 2635 1194 2695 Oum
1206 2637 1306 2715 Ἆχαιλς

185 2730 253 2804 poia
262 2745 319 2788 non
332 2729 521 2797 Thessaliam,
531 2729 583 2788 sed
593 2735 684 2788 totam
691 2729 843 2788 Graeciam
852 2726 1004 2800 significet,
1017 2743 1132 2786 »verum
1143 2744 1199 2787 non
1209 2736 1306 2803 potest

186 2821 343 2894 essequod
355 2840 380 2880 v.
388 2823 557 2894 arslegitur
567 2820 614 2878 διδ
622 2818 902 2899 χδονδςλήιονιήυν.
912 2838 978 2879 nam
989 2822 1236 2894 perllaemoniam
1245 2825 1305 2885 sive

184 2914 364 2973 Thessaliam
386 2915 529 2974 Graeciae
549 2916 635 2974 urbes
655 2931 797 2989 apparere
811 2915 910 2974 Paridi
929 2932 986 2974 non
1005 2921 1172 2989 potuerunt.
1184 2898 1307 2977 ¹accedit

185 3008 263 3079 quod
283 3007 331 3064 ded
348 3006 461 3086 χθονὸς
480 3008 538 3067 dici
558 3026 615 3068 non
635 3011 731 3082 potuit
749 3011 805 3066 nisi
831 3009 930 3069 addito
955 3011 1125 3084 participio,
1152 3014 1237 3084 quale
1262 3019 1307 3073 est

183 3096 370 3177 πορευομένῳ
390 3102 437 3160 vel
457 3100 635 3178 πορευθέντι,
658 3118 829 3174 quamquam
848 3104 896 3160 vel
915 3105 957 3162 sic
973 3104 1082 3176 aliquid
1095 3111 1222 3166 restaret
1234 3107 1307 3166 diffi-

185 3193 317 3264 cultatis,
344 3193 421 3266 quod
441 3195 525 3252 Paris
551 3201 670 3267 praeter
694 3211 775 3255 oram
794 3195 962 3255 Thessaliae
981 3199 1140 3270 navigavit,
1165 3216 1220 3259 non
1241 3218 1306 3274 pro

184 3286 279 3346 iectus
306 3294 350 3346 est
375 3305 430 3360 per
455 3287 644 3348 Thessaliam.
683 3289 744 3346 Has
772 3295 869 3347 antem
895 3289 1080 3349 dlificultates
1106 3293 1204 3350 statim
1229 3294 1307 3352 vide·

184 3380 279 3438 bimus
304 3388 446 3454 remotas,
472 3382 522 3440 ubi
547 3371 590 3440 ita
616 3383 827 3455 scripserimus:
861 3381 944 3460 δίχα
970 3380 1083 3460 χθονὸς
1106 3378 1305 3462 Ἠμαδιήιυν.

185 3473 283 3544 Atque
297 3467 451 3551 Ἠραδιήων
466 3477 553 3532 etiam
568 3492 602 3533 eo
618 3475 843 3548 commendatur,
861 3477 938 3546 quod
951 3482 1018 3548 post
1030 3476 1183 3535 Thraciam
1198 3481 1235 3548 (v.
1251 3487 1306 3539 212

185 3567 294 3636 -2lil
317 3582 374 3625 uon
394 3566 491 3624 statim
512 3567 542 3622 in
557 3566 709 3625 Graeciam
729 3567 813 3625 Paris
833 3569 920 3641 venit,
941 3567 993 3626 sed
1011 3569 1092 3641 prius
1105 3569 1307 3632 Macedoniam

185 3676 252 3718 eum
267 3661 412 3732 attingere
434 3661 570 3733 oportuit.
602 3660 694 3719 Recte
707 3661 796 3732 igitur
809 3660 929 3729 dicetur,
950 3666 1097 3734 praeter
1113 3663 1186 3723 hanc
1198 3670 1306 3726 terram

184 3753 355 3826 apparuisse
384 3753 485 3810 Paridi
519 3753 661 3812 Graeciae
692 3754 778 3811 urbes
808 3752 1052 3812 florentissimas«
1107 3755 1308 3820 Schneider

184 3865 213 3920 p.
234 3851 300 3905 417.
340 3846 421 3918 Ego,
442 3861 506 3904 cum
526 3846 595 3924 δίχα
614 3844 725 3924 χθονὸς
740 3843 901 3926 Ἠμαδιήιυν
922 3847 957 3906 ab
978 3848 1060 3920 epico
1085 3850 1200 3920 quidem
1219 3859 1307 3924 poeta

184 3940 232 3996 vix
256 3956 309 4012 pro
340 3945 492 4012 practer
518 3940 720 3999 Macedoniam
750 3941 807 3998 dici
832 3956 918 4014 posse
947 3957 1117 4014 persuasum
1148 3943 1305 4018 habuerim,

186 4032 328 4104 simulque
343 4030 498 4112 Αἱμονιήων
516 4033 563 4090 vel
580 4033 647 4092 ideo
666 4033 804 4092 intactum
818 4033 1018 4105 reliquendum
1036 4032 1126 4094 fuisse
1139 4037 1309 4126 reputarim,

1071 4129 1104 4180 6*
